<?xml version="1.0" encoding="UTF-8"?>
<!DOCTYPE html PUBLIC "-//W3C//DTD XHTML 1.0 Transitional//EN"
    "http://www.w3.org/TR/xhtml1/DTD/xhtml1-transitional.dtd">
<html xmlns="http://www.w3.org/1999/xhtml" xml:lang="en" lang="en">
 <head>
  <title>
</title>
<meta http-equiv="Content-Type" content="text/html;charset=utf-8" />
  <meta name='ocr-system' content='tesseract 3.04.00' />
  <meta name='ocr-capabilities' content='ocr_page ocr_carea ocr_par ocr_line ocrx_word'/>
</head>
<body>
  <div class='ocr_page' id='page_1' title='image "./operaomniaexedit02statuoft_0412.png"; bbox 0 0 1820 3068; ppageno 0'>
   <div class='ocr_carea' id='block_1_1' title="bbox 262 183 1232 226">
    <p class='ocr_par' dir='ltr' id='par_1_1' title="bbox 262 183 1232 226">
     <span class='ocr_line' id='line_1_1' title="bbox 262 183 1232 226; baseline -0.003 0"><span class='ocrx_word' id='word_1_1' title='bbox 262 183 349 226; x_wconf 86' lang='grc'><strong>996</strong></span> <span class='ocrx_word' id='word_1_2' title='bbox 764 193 807 224; x_wconf 78' lang='grc' dir='ltr'><strong>Ρ.</strong></span> <span class='ocrx_word' id='word_1_3' title='bbox 840 191 1034 223; x_wconf 63' lang='lat' dir='ltr'><strong>numu</strong></span> <span class='ocrx_word' id='word_1_4' title='bbox 1066 191 1232 224; x_wconf 72' lang='lat' dir='ltr'><strong>s‘rA&#39;ru</strong></span> 
     </span>
    </p>
   </div>
   <div class='ocr_carea' id='block_1_2' title="bbox 261 287 1564 820">
    <p class='ocr_par' dir='ltr' id='par_1_2' title="bbox 264 287 1388 342">
     <span class='ocr_line' id='line_1_2' title="bbox 264 287 1388 342; baseline -0.002 -10"><span class='ocrx_word' id='word_1_5' title='bbox 264 289 492 339; x_wconf 87' lang='lat' dir='ltr'><strong>Herculis,</strong></span> <span class='ocrx_word' id='word_1_6' title='bbox 514 292 560 330; x_wconf 86' lang='lat' dir='ltr'><strong>ct</strong></span> <span class='ocrx_word' id='word_1_7' title='bbox 581 287 710 329; x_wconf 85' lang='lat' dir='ltr'><strong>tarda</strong></span> <span class='ocrx_word' id='word_1_8' title='bbox 730 288 935 342; x_wconf 88' lang='lat' dir='ltr'><strong>quamvis</strong></span> <span class='ocrx_word' id='word_1_9' title='bbox 956 301 1006 329; x_wconf 90' lang='lat' dir='ltr'><strong>se</strong></span> <span class='ocrx_word' id='word_1_10' title='bbox 1026 288 1143 330; x_wconf 90' lang='lat' dir='ltr'><strong>mole</strong></span> <span class='ocrx_word' id='word_1_11' title='bbox 1163 288 1388 339; x_wconf 81' lang='lat' dir='ltr'><strong>ferentem,</strong></span> 
     </span>
    </p>

    <p class='ocr_par' dir='ltr' id='par_1_3' title="bbox 261 355 1510 478">
     <span class='ocr_line' id='line_1_3' title="bbox 261 355 1510 411; baseline -0.002 -11"><span class='ocrx_word' id='word_1_12' title='bbox 261 357 358 400; x_wconf 85' lang='lat' dir='ltr'><strong>Vix</strong></span> <span class='ocrx_word' id='word_1_13' title='bbox 381 370 510 399; x_wconf 90' lang='lat' dir='ltr'><strong>cursu</strong></span> <span class='ocrx_word' id='word_1_14' title='bbox 531 361 653 398; x_wconf 86' lang='lat' dir='ltr'><strong>tener</strong></span> <span class='ocrx_word' id='word_1_15' title='bbox 671 360 825 409; x_wconf 84' lang='lat' dir='ltr'><strong>aequat</strong></span> <span class='ocrx_word' id='word_1_16' title='bbox 846 355 1020 410; x_wconf 84' lang='lat' dir='ltr'>Hylas:</span> <span class='ocrx_word' id='word_1_17' title='bbox 1051 355 1328 411; x_wconf 79' lang='lat' dir='ltr'><strong>Lernaeaque</strong></span> <span class='ocrx_word' id='word_1_18' title='bbox 1349 356 1510 399; x_wconf 86' lang='lat' dir='ltr'><strong>tollens</strong></span> 
     </span>
     <span class='ocr_line' id='line_1_4' title="bbox 263 423 1291 478; baseline -0.004 -9"><span class='ocrx_word' id='word_1_19' title='bbox 263 427 403 469; x_wconf 88' lang='lat' dir='ltr'><strong>Arma</strong></span> <span class='ocrx_word' id='word_1_20' title='bbox 422 425 505 467; x_wconf 89' lang='lat' dir='ltr'><strong>sub</strong></span> <span class='ocrx_word' id='word_1_21' title='bbox 526 424 690 476; x_wconf 83' lang='lat' dir='ltr'>ingenti</span> <span class='ocrx_word' id='word_1_22' title='bbox 710 423 873 478; x_wconf 87' lang='lat' dir='ltr'><strong>gaudet</strong></span> <span class='ocrx_word' id='word_1_23' title='bbox 892 425 1051 465; x_wconf 83' lang='lat' dir='ltr'><strong>sudare</strong></span> <span class='ocrx_word' id='word_1_24' title='bbox 1072 424 1291 478; x_wconf 84' lang='lat' dir='ltr'><strong>pharetra.</strong></span> 
     </span>
    </p>

    <p class='ocr_par' dir='ltr' id='par_1_4' title="bbox 261 490 1564 820">
     <span class='ocr_line' id='line_1_5' title="bbox 263 490 1530 548; baseline -0.002 -12"><span class='ocrx_word' id='word_1_25' title='bbox 263 494 382 548; x_wconf 85' lang='lat' dir='ltr'><strong>Ergo</strong></span> <span class='ocrx_word' id='word_1_26' title='bbox 401 493 558 535; x_wconf 82' lang='lat' dir='ltr'><strong>iterum</strong></span> <span class='ocrx_word' id='word_1_27' title='bbox 576 490 747 542; x_wconf 87' lang='lat' dir='ltr'><strong>Venus,</strong></span> <span class='ocrx_word' id='word_1_28' title='bbox 768 496 814 533; x_wconf 91' lang='lat' dir='ltr'><strong>et</strong></span> <span class='ocrx_word' id='word_1_29' title='bbox 834 492 983 533; x_wconf 89' lang='lat' dir='ltr'><strong>tacitis</strong></span> <span class='ocrx_word' id='word_1_30' title='bbox 1004 491 1140 533; x_wconf 83' lang='lat' dir='ltr'><strong>corda</strong></span> <span class='ocrx_word' id='word_1_31' title='bbox 1161 505 1319 546; x_wconf 84' lang='lat' dir='ltr'><strong>aspera</strong></span> <span class='ocrx_word' id='word_1_32' title='bbox 1338 492 1530 534; x_wconf 82' lang='lat' dir='ltr'><strong>flammis</strong></span> 
     </span>
     <span class='ocr_line' id='line_1_6' title="bbox 265 559 1385 613; baseline -0.002 -9"><span class='ocrx_word' id='word_1_33' title='bbox 265 559 558 604; x_wconf 82' lang='lat' dir='ltr'><strong>Lemniadum</strong></span> <span class='ocrx_word' id='word_1_34' title='bbox 578 562 797 612; x_wconf 86' lang='lat' dir='ltr'><strong>pertentat</strong></span> <span class='ocrx_word' id='word_1_35' title='bbox 813 571 937 600; x_wconf 85' lang='lat' dir='ltr'><strong>amor</strong></span> <span class='ocrx_word' id='word_1_36' title='bbox 954 573 964 600; x_wconf 72' lang='grc' dir='ltr'><strong>ε</strong></span> <span class='ocrx_word' id='word_1_37' title='bbox 997 563 1102 600; x_wconf 90' lang='lat' dir='ltr'><strong>tunc</strong></span> <span class='ocrx_word' id='word_1_38' title='bbox 1122 559 1242 613; x_wconf 83' lang='lat' dir='ltr'><strong>regia</strong></span> <span class='ocrx_word' id='word_1_39' title='bbox 1261 559 1290 601; x_wconf 86' lang='lat' dir='ltr'><strong>J</strong></span> <span class='ocrx_word' id='word_1_40' title='bbox 1295 573 1385 602; x_wconf 89' lang='lat' dir='ltr'><strong>uno</strong></span> 
     </span>
     <span class='ocr_line' id='line_1_7' title="bbox 261 627 1564 683; baseline 0 -13"><span class='ocrx_word' id='word_1_41' title='bbox 261 629 419 679; x_wconf 85' lang='lat' dir='ltr'><strong>Arma,</strong></span> <span class='ocrx_word' id='word_1_42' title='bbox 439 627 713 680; x_wconf 84' lang='lat' dir='ltr'><strong>habitusque</strong></span> <span class='ocrx_word' id='word_1_43' title='bbox 732 627 889 677; x_wconf 84' lang='lat' dir='ltr'><strong>virum,</strong></span> <span class='ocrx_word' id='word_1_44' title='bbox 910 627 1196 682; x_wconf 75' lang='lat' dir='ltr'><strong>pulchraeque</strong></span> <span class='ocrx_word' id='word_1_45' title='bbox 1216 628 1408 683; x_wconf 83' lang='lat' dir='ltr'><strong>insignia</strong></span> <span class='ocrx_word' id='word_1_46' title='bbox 1426 629 1564 683; x_wconf 89' lang='lat' dir='ltr'><strong>gentis</strong></span> 
     </span>
     <span class='ocr_line' id='line_1_8' title="bbox 265 682 1409 749; baseline -0.002 -9"><span class='ocrx_word' id='word_1_47' title='bbox 265 697 496 740; x_wconf 87' lang='lat' dir='ltr'><strong>Mentibus</strong></span> <span class='ocrx_word' id='word_1_48' title='bbox 515 695 726 746; x_wconf 84' lang='lat' dir='ltr'><strong>insinuat,</strong></span> <span class='ocrx_word' id='word_1_49' title='bbox 747 696 1042 749; x_wconf 82' lang='lat' dir='ltr'><strong>certatimque</strong></span> <span class='ocrx_word' id='word_1_50' title='bbox 1067 695 1219 738; x_wconf 82' lang='lat' dir='ltr'><strong>ordine</strong></span> <span class='ocrx_word' id='word_1_51' title='bbox 1236 682 1409 739; x_wconf 74' lang='lat' dir='ltr'><strong>cunctae</strong></span> 
     </span>
     <span class='ocr_line' id='line_1_9' title="bbox 266 763 1405 820; baseline -0.003 -11"><span class='ocrx_word' id='word_1_52' title='bbox 266 765 536 820; x_wconf 88' lang='lat' dir='ltr'><strong>Hospitibus</strong></span> <span class='ocrx_word' id='word_1_53' title='bbox 556 768 741 818; x_wconf 82' lang='lat' dir='ltr'><strong>patuere</strong></span> <span class='ocrx_word' id='word_1_54' title='bbox 760 763 900 806; x_wconf 86' lang='lat' dir='ltr'><strong>sores:</strong></span> <span class='ocrx_word' id='word_1_55' title='bbox 931 768 1038 805; x_wconf 89' lang='lat' dir='ltr'><strong>tunc</strong></span> <span class='ocrx_word' id='word_1_56' title='bbox 1059 764 1227 818; x_wconf 86' lang='lat' dir='ltr'><strong>primus</strong></span> <span class='ocrx_word' id='word_1_57' title='bbox 1247 763 1292 806; x_wconf 90' lang='lat' dir='ltr'><strong>in</strong></span> <span class='ocrx_word' id='word_1_58' title='bbox 1313 764 1405 806; x_wconf 85' lang='lat' dir='ltr'><strong>aris</strong></span> 
     </span>
    </p>
   </div>
   <div class='ocr_carea' id='block_1_3' title="bbox 1643 493 1734 534">
    <p class='ocr_par' dir='ltr' id='par_1_5' title="bbox 1643 493 1734 534">
     <span class='ocr_line' id='line_1_10' title="bbox 1643 493 1734 534; baseline 0 0"><span class='ocrx_word' id='word_1_59' title='bbox 1643 493 1734 534; x_wconf 77' lang='lat'><strong>445</strong></span> 
     </span>
    </p>
   </div>
   <div class='ocr_carea' id='block_1_4' title="bbox 263 886 1737 1101">
    <p class='ocr_par' dir='ltr' id='par_1_6' title="bbox 263 886 1737 1101">
     <span class='ocr_line' id='line_1_11' title="bbox 263 886 1737 928; baseline 0.001 -11"><span class='ocrx_word' id='word_1_60' title='bbox 263 886 365 926; x_wconf 79' lang='lat' dir='ltr'><strong>ditur,</strong></span> <span class='ocrx_word' id='word_1_61' title='bbox 387 890 418 919; x_wconf 78' lang='lat' dir='ltr'><strong>ee</strong></span> <span class='ocrx_word' id='word_1_62' title='bbox 439 887 497 919; x_wconf 72' lang='lat' dir='ltr'><strong>vix</strong></span> <span class='ocrx_word' id='word_1_63' title='bbox 522 897 614 919; x_wconf 77' lang='lat' dir='ltr'><strong>cursu</strong></span> <span class='ocrx_word' id='word_1_64' title='bbox 636 887 770 927; x_wconf 79' lang='lat' dir='ltr'><strong>attingit</strong></span> <span class='ocrx_word' id='word_1_65' title='bbox 792 887 892 923; x_wconf 79' lang='lat' dir='ltr'><strong>illum,</strong></span> <span class='ocrx_word' id='word_1_66' title='bbox 918 887 1058 927; x_wconf 76' lang='lat' dir='ltr'><strong>quamvis</strong></span> <span class='ocrx_word' id='word_1_67' title='bbox 1073 888 1162 918; x_wconf 74' lang='lat' dir='ltr'><strong>tardo</strong></span> <span class='ocrx_word' id='word_1_68' title='bbox 1175 888 1280 927; x_wconf 79' lang='lat' dir='ltr'><strong>gradu</strong></span> <span class='ocrx_word' id='word_1_69' title='bbox 1294 898 1328 920; x_wconf 76' lang='lat' dir='ltr'><strong>ee</strong></span> <span class='ocrx_word' id='word_1_70' title='bbox 1344 889 1527 928; x_wconf 74' lang='lat' dir='ltr'><strong>moventem,</strong></span> <span class='ocrx_word' id='word_1_71' title='bbox 1550 890 1583 919; x_wconf 79' lang='lat' dir='ltr'><strong>et</strong></span> <span class='ocrx_word' id='word_1_72' title='bbox 1604 889 1737 927; x_wconf 68' lang='lat' dir='ltr'><strong>gestans</strong></span> 
     </span>
     <span class='ocr_line' id='line_1_12' title="bbox 264 928 1736 972; baseline 0.001 -11"><span class='ocrx_word' id='word_1_73' title='bbox 264 928 398 961; x_wconf 76' lang='lat' dir='ltr'><strong>Lernaea</strong></span> <span class='ocrx_word' id='word_1_74' title='bbox 410 940 499 961; x_wconf 77' lang='lat' dir='ltr'><strong>arma</strong></span> <span class='ocrx_word' id='word_1_75' title='bbox 524 931 653 961; x_wconf 76' lang='lat' dir='ltr'><strong>laetatur</strong></span> <span class='ocrx_word' id='word_1_76' title='bbox 666 932 778 962; x_wconf 77' lang='lat' dir='ltr'><strong>sudare</strong></span> <span class='ocrx_word' id='word_1_77' title='bbox 791 930 848 962; x_wconf 78' lang='lat' dir='ltr'><strong>sub</strong></span> <span class='ocrx_word' id='word_1_78' title='bbox 866 939 980 969; x_wconf 82' lang='lat' dir='ltr'><strong>magna</strong></span> <span class='ocrx_word' id='word_1_79' title='bbox 994 930 1154 970; x_wconf 79' lang='lat' dir='ltr'><strong>pharetra.</strong></span> <span class='ocrx_word' id='word_1_80' title='bbox 1199 931 1311 972; x_wconf 73' lang='lat' dir='ltr'><strong>Itaque</strong></span> <span class='ocrx_word' id='word_1_81' title='bbox 1331 931 1434 963; x_wconf 72' lang='lat' dir='ltr'><strong>Venus</strong></span> <span class='ocrx_word' id='word_1_82' title='bbox 1454 934 1486 962; x_wconf 74' lang='lat' dir='ltr'><strong>et</strong></span> <span class='ocrx_word' id='word_1_83' title='bbox 1513 930 1636 971; x_wconf 72' lang='lat' dir='ltr'><strong>Cupido</strong></span> <span class='ocrx_word' id='word_1_84' title='bbox 1659 930 1736 962; x_wconf 69' lang='lat'><em>⁸011·-</em></span> 
     </span>
     <span class='ocr_line' id='line_1_13' title="bbox 264 967 1736 1014; baseline 0.001 -11"><span class='ocrx_word' id='word_1_85' title='bbox 264 971 365 1004; x_wconf 76' lang='lat' dir='ltr'><strong>ct‘tant</strong></span> <span class='ocrx_word' id='word_1_86' title='bbox 380 982 490 1004; x_wconf 75' lang='lat' dir='ltr'><strong>rursus</strong></span> <span class='ocrx_word' id='word_1_87' title='bbox 511 973 642 1004; x_wconf 74' lang='lat' dir='ltr'><strong>occultis</strong></span> <span class='ocrx_word' id='word_1_88' title='bbox 665 973 790 1013; x_wconf 66' lang='lat' dir='ltr'><strong>ignibus</strong></span> <span class='ocrx_word' id='word_1_89' title='bbox 805 973 883 1012; x_wconf 78' lang='lat' dir='ltr'><strong>sera</strong></span> <span class='ocrx_word' id='word_1_90' title='bbox 902 971 1103 1004; x_wconf 79' lang='lat' dir='ltr'><strong>Lemniadum</strong></span> <span class='ocrx_word' id='word_1_91' title='bbox 1124 976 1261 1014; x_wconf 79' lang='lat' dir='ltr'><strong>pectora.</strong></span> <span class='ocrx_word' id='word_1_92' title='bbox 1307 973 1396 1006; x_wconf 78' lang='lat' dir='ltr'><strong>Tunc</strong></span> <span class='ocrx_word' id='word_1_93' title='bbox 1408 973 1519 1014; x_wconf 70' lang='lat' dir='ltr'><strong>regina</strong></span> <span class='ocrx_word' id='word_1_94' title='bbox 1530 967 1617 1004; x_wconf 64' lang='lat' dir='ltr'><strong>June</strong></span> <span class='ocrx_word' id='word_1_95' title='bbox 1629 972 1736 1004; x_wconf 64' lang='lat' dir='ltr'><strong>earum</strong></span> 
     </span>
     <span class='ocr_line' id='line_1_14' title="bbox 265 1014 1736 1056; baseline 0 -10"><span class='ocrx_word' id='word_1_96' title='bbox 265 1014 381 1047; x_wconf 71' lang='lat' dir='ltr'><strong>animis</strong></span> <span class='ocrx_word' id='word_1_97' title='bbox 400 1019 498 1055; x_wconf 74' lang='lat' dir='ltr'><strong>grata</strong></span> <span class='ocrx_word' id='word_1_98' title='bbox 519 1016 624 1047; x_wconf 81' lang='lat' dir='ltr'><strong>reddit</strong></span> <span class='ocrx_word' id='word_1_99' title='bbox 649 1026 749 1052; x_wconf 77' lang='lat' dir='ltr'><strong>arma,</strong></span> <span class='ocrx_word' id='word_1_100' title='bbox 771 1019 802 1048; x_wconf 82' lang='lat' dir='ltr'><strong>et</strong></span> <span class='ocrx_word' id='word_1_101' title='bbox 817 1016 958 1055; x_wconf 82' lang='lat' dir='ltr'><strong>sormam</strong></span> <span class='ocrx_word' id='word_1_102' title='bbox 979 1015 1132 1055; x_wconf 73' lang='lat' dir='ltr'><strong>virorum,</strong></span> <span class='ocrx_word' id='word_1_103' title='bbox 1153 1019 1184 1048; x_wconf 82' lang='lat' dir='ltr'><strong>et</strong></span> <span class='ocrx_word' id='word_1_104' title='bbox 1208 1016 1351 1056; x_wconf 70' lang='lat' dir='ltr'><strong>insignia</strong></span> <span class='ocrx_word' id='word_1_105' title='bbox 1372 1016 1510 1048; x_wconf 63' lang='lat' dir='ltr'><strong>illumi:</strong></span> <span class='ocrx_word' id='word_1_106' title='bbox 1530 1015 1680 1056; x_wconf 64' lang='lat' dir='ltr'><strong>notionis,</strong></span> <span class='ocrx_word' id='word_1_107' title='bbox 1701 1018 1736 1047; x_wconf 75' lang='lat' dir='ltr'><strong>et</strong></span> 
     </span>
     <span class='ocr_line' id='line_1_15' title="bbox 264 1058 1737 1101; baseline 0.001 -13"><span class='ocrx_word' id='word_1_108' title='bbox 264 1058 410 1090; x_wconf 75' lang='lat' dir='ltr'><strong>certatim</strong></span> <span class='ocrx_word' id='word_1_109' title='bbox 422 1068 527 1090; x_wconf 75' lang='lat' dir='ltr'><strong>onum</strong></span> <span class='ocrx_word' id='word_1_110' title='bbox 540 1060 648 1090; x_wconf 80' lang='lat' dir='ltr'><strong>domus</strong></span> <span class='ocrx_word' id='word_1_111' title='bbox 662 1059 770 1091; x_wconf 81' lang='lat' dir='ltr'><strong>ordine</strong></span> <span class='ocrx_word' id='word_1_112' title='bbox 784 1061 901 1101; x_wconf 62' lang='grc' dir='ltr'><strong>πρηέα»</strong></span> <span class='ocrx_word' id='word_1_113' title='bbox 917 1058 1050 1097; x_wconf 78' lang='lat' dir='ltr'><strong>suerunt</strong></span> <span class='ocrx_word' id='word_1_114' title='bbox 1067 1059 1207 1092; x_wconf 76' lang='lat' dir='ltr'><strong>advenis.</strong></span> <span class='ocrx_word' id='word_1_115' title='bbox 1253 1060 1339 1092; x_wconf 78' lang='lat' dir='ltr'><strong>Tunc</strong></span> <span class='ocrx_word' id='word_1_116' title='bbox 1359 1060 1471 1100; x_wconf 78' lang='lat' dir='ltr'><strong>primoe</strong></span> <span class='ocrx_word' id='word_1_117' title='bbox 1485 1059 1628 1101; x_wconf 70' lang='lat' dir='ltr'><strong>flumme</strong></span> <span class='ocrx_word' id='word_1_118' title='bbox 1641 1066 1737 1099; x_wconf 73' lang='lat' dir='ltr'><strong>supra</strong></span> 
     </span>
    </p>
   </div>
   <div class='ocr_carea' id='block_1_5' title="bbox 878 1152 1120 1165">
    <p class='ocr_par' dir='ltr' id='par_1_7' title="bbox 878 1152 1120 1165">
     <span class='ocr_line' id='line_1_16' title="bbox 878 1152 1120 1165; baseline -0.004 0"><span class='ocrx_word' id='word_1_119' title='bbox 878 1152 1120 1165; x_wconf 61' lang='lat' dir='ltr'><strong>oeooeeeeeaeee</strong></span> 
     </span>
    </p>
   </div>
   <div class='ocr_carea' id='block_1_6' title="bbox 266 1224 1738 1311">
    <p class='ocr_par' dir='ltr' id='par_1_8' title="bbox 266 1224 1738 1311">
     <span class='ocr_line' id='line_1_17' title="bbox 266 1224 1738 1267; baseline -0.001 -11"><span class='ocrx_word' id='word_1_120' title='bbox 266 1227 317 1256; x_wconf 80' lang='lat' dir='ltr'><strong>tot</strong></span> <span class='ocrx_word' id='word_1_121' title='bbox 335 1224 512 1257; x_wconf 79' lang='lat' dir='ltr'><strong>Barthius.</strong></span> <span class='ocrx_word' id='word_1_122' title='bbox 557 1226 664 1258; x_wconf 77' lang='lat' dir='ltr'><strong>Audet</strong></span> <span class='ocrx_word' id='word_1_123' title='bbox 681 1227 796 1259; x_wconf 72' lang='lat' dir='ltr'><strong>iterum</strong></span> <span class='ocrx_word' id='word_1_124' title='bbox 811 1226 973 1258; x_wconf 82' lang='lat' dir='ltr'><strong>exhibent</strong></span> <span class='ocrx_word' id='word_1_125' title='bbox 991 1226 1143 1267; x_wconf 83' lang='lat' dir='ltr'><strong>Lipsian.</strong></span> <span class='ocrx_word' id='word_1_126' title='bbox 1161 1231 1198 1259; x_wconf 91' lang='lat' dir='ltr'><strong>et</strong></span> <span class='ocrx_word' id='word_1_127' title='bbox 1211 1226 1451 1259; x_wconf 54' lang='lat' dir='ltr'><strong>nusum—443</strong></span> <span class='ocrx_word' id='word_1_128' title='bbox 1473 1225 1539 1259; x_wconf 74' lang='lat' dir='ltr'><strong>Vix</strong></span> <span class='ocrx_word' id='word_1_129' title='bbox 1551 1234 1646 1257; x_wconf 73' lang='lat' dir='ltr'><strong>cursu</strong></span> <span class='ocrx_word' id='word_1_130' title='bbox 1658 1224 1738 1256; x_wconf 81' lang='lat' dir='ltr'><strong>celer</strong></span> 
     </span>
     <span class='ocr_line' id='line_1_18' title="bbox 267 1267 1737 1311; baseline 0 -12"><span class='ocrx_word' id='word_1_131' title='bbox 267 1267 302 1299; x_wconf 87' lang='lat' dir='ltr'><strong>in</strong></span> <span class='ocrx_word' id='word_1_132' title='bbox 320 1277 387 1300; x_wconf 88' lang='lat' dir='ltr'><strong>uno</strong></span> <span class='ocrx_word' id='word_1_133' title='bbox 403 1268 536 1301; x_wconf 88' lang='lat' dir='ltr'><strong>Barthii</strong></span> <span class='ocrx_word' id='word_1_134' title='bbox 552 1269 794 1302; x_wconf 61' lang='lat' dir='ltr'><strong>codice—446</strong></span> <span class='ocrx_word' id='word_1_135' title='bbox 816 1270 958 1302; x_wconf 85' lang='lat' dir='ltr'><strong>Behott.</strong></span> <span class='ocrx_word' id='word_1_136' title='bbox 974 1272 1007 1301; x_wconf 91' lang='lat' dir='ltr'><strong>l.</strong></span> <span class='ocrx_word' id='word_1_137' title='bbox 1023 1273 1054 1302; x_wconf 88' lang='grc'><strong>2.</strong></span> <span class='ocrx_word' id='word_1_138' title='bbox 1081 1273 1149 1301; x_wconf 83' lang='lat' dir='ltr'><strong>tum</strong></span> <span class='ocrx_word' id='word_1_139' title='bbox 1173 1270 1264 1309; x_wconf 82' lang='lat' dir='ltr'><strong>regia</strong></span> <span class='ocrx_word' id='word_1_140' title='bbox 1278 1270 1487 1302; x_wconf 66' lang='lat' dir='ltr'><strong>,lenm—452</strong></span> <span class='ocrx_word' id='word_1_141' title='bbox 1509 1273 1519 1288; x_wconf 87' lang='lat'><em>‘</em></span> <span class='ocrx_word' id='word_1_142' title='bbox 1535 1267 1593 1302; x_wconf 88' lang='lat' dir='ltr'><strong>Ab</strong></span> <span class='ocrx_word' id='word_1_143' title='bbox 1607 1268 1737 1311; x_wconf 80' lang='lat' dir='ltr'><strong>optimo</strong></span> 
     </span>
    </p>
   </div>
   <div class='ocr_carea' id='block_1_7' title="bbox 930 1366 1072 1399">
    <p class='ocr_par' dir='ltr' id='par_1_9' title="bbox 930 1366 1072 1399">
     <span class='ocr_line' id='line_1_19' title="bbox 930 1366 1072 1399; baseline 0 0"><span class='ocrx_word' id='word_1_144' title='bbox 930 1367 962 1399; x_wconf 91' lang='lat' dir='ltr'>N</span> <span class='ocrx_word' id='word_1_145' title='bbox 969 1366 1072 1399; x_wconf 79' lang='lat' dir='ltr'><strong>OTAE</strong></span> 
     </span>
    </p>
   </div>
   <div class='ocr_carea' id='block_1_8' title="bbox 267 1431 982 2791">
    <p class='ocr_par' dir='ltr' id='par_1_10' title="bbox 267 1431 978 1575">
     <span class='ocr_line' id='line_1_20' title="bbox 310 1431 978 1473; baseline -0.003 -9"><span class='ocrx_word' id='word_1_146' title='bbox 310 1434 375 1464; x_wconf 69' lang='lat'><strong>442</strong></span> <span class='ocrx_word' id='word_1_147' title='bbox 401 1433 447 1464; x_wconf 79' lang='lat' dir='ltr'><strong>Et</strong></span> <span class='ocrx_word' id='word_1_148' title='bbox 462 1433 553 1464; x_wconf 79' lang='lat' dir='ltr'><strong>tarda</strong></span> <span class='ocrx_word' id='word_1_149' title='bbox 568 1442 602 1464; x_wconf 73' lang='lat' dir='ltr'><strong>se</strong></span> <span class='ocrx_word' id='word_1_150' title='bbox 617 1431 877 1473; x_wconf 80' lang='lat' dir='ltr'><strong>moleferentem]</strong></span> <span class='ocrx_word' id='word_1_151' title='bbox 897 1431 978 1463; x_wconf 80' lang='lat' dir='ltr'><strong>lmi-</strong></span> 
     </span>
     <span class='ocr_line' id='line_1_21' title="bbox 267 1482 977 1524; baseline -0.001 -9"><span class='ocrx_word' id='word_1_152' title='bbox 267 1484 356 1515; x_wconf 88' lang='lat' dir='ltr'><strong>tatio</strong></span> <span class='ocrx_word' id='word_1_153' title='bbox 379 1484 516 1524; x_wconf 78' lang='lat' dir='ltr'><strong>Virgilii</strong></span> <span class='ocrx_word' id='word_1_154' title='bbox 549 1483 684 1516; x_wconf 81' lang='lat' dir='ltr'><strong>AEneid.</strong></span> <span class='ocrx_word' id='word_1_155' title='bbox 719 1492 777 1515; x_wconf 78' lang='grc' dir='ltr'>ιιι.</span> <span class='ocrx_word' id='word_1_156' title='bbox 804 1482 848 1514; x_wconf 91' lang='lat' dir='ltr'><strong>de</strong></span> <span class='ocrx_word' id='word_1_157' title='bbox 873 1482 977 1524; x_wconf 89' lang='lat' dir='ltr'><strong>Poly-</strong></span> 
     </span>
     <span class='ocr_line' id='line_1_22' title="bbox 267 1532 978 1575; baseline -0.003 -10"><span class='ocrx_word' id='word_1_158' title='bbox 267 1534 414 1575; x_wconf 86' lang='lat' dir='ltr'><strong>phemo:</strong></span> <span class='ocrx_word' id='word_1_159' title='bbox 437 1535 570 1566; x_wconf 84' lang='lat' dir='ltr'><strong>‘Vasta</strong></span> <span class='ocrx_word' id='word_1_160' title='bbox 592 1543 628 1566; x_wconf 88' lang='lat' dir='ltr'><strong>se</strong></span> <span class='ocrx_word' id='word_1_161' title='bbox 647 1534 735 1567; x_wconf 88' lang='lat' dir='ltr'><strong>mole</strong></span> <span class='ocrx_word' id='word_1_162' title='bbox 759 1532 978 1564; x_wconf 64' lang='lat' dir='ltr'><strong>moventem!</strong></span> 
     </span>
    </p>

    <p class='ocr_par' dir='ltr' id='par_1_11' title="bbox 267 1585 982 2791">
     <span class='ocr_line' id='line_1_23' title="bbox 310 1585 976 1628; baseline -0.003 -10"><span class='ocrx_word' id='word_1_163' title='bbox 310 1589 375 1618; x_wconf 78' lang='lat'><strong>443</strong></span> <span class='ocrx_word' id='word_1_164' title='bbox 399 1586 520 1627; x_wconf 72' lang='lat' dir='ltr'><strong>Hylas]</strong></span> <span class='ocrx_word' id='word_1_165' title='bbox 562 1586 671 1628; x_wconf 86' lang='lat' dir='ltr'><strong>Hylas</strong></span> <span class='ocrx_word' id='word_1_166' title='bbox 708 1585 976 1617; x_wconf 84' lang='lat' dir='ltr'><strong>Theodamantis</strong></span> 
     </span>
     <span class='ocr_line' id='line_1_24' title="bbox 267 1636 977 1679; baseline -0.001 -11"><span class='ocrx_word' id='word_1_167' title='bbox 267 1636 371 1677; x_wconf 79' lang='lat' dir='ltr'><strong>filius,</strong></span> <span class='ocrx_word' id='word_1_168' title='bbox 396 1647 496 1679; x_wconf 91' lang='lat' dir='ltr'><strong>quem</strong></span> <span class='ocrx_word' id='word_1_169' title='bbox 525 1636 695 1669; x_wconf 85' lang='lat' dir='ltr'><strong>Hercules</strong></span> <span class='ocrx_word' id='word_1_170' title='bbox 715 1636 882 1678; x_wconf 82' lang='lat' dir='ltr'><strong>navigans</strong></span> <span class='ocrx_word' id='word_1_171' title='bbox 899 1645 977 1668; x_wconf 88' lang='lat' dir='ltr'><strong>cum</strong></span> 
     </span>
     <span class='ocr_line' id='line_1_25' title="bbox 267 1686 975 1728; baseline 0.001 -11"><span class='ocrx_word' id='word_1_172' title='bbox 267 1686 482 1728; x_wconf 84' lang='lat' dir='ltr'><strong>Argonautis</strong></span> <span class='ocrx_word' id='word_1_173' title='bbox 506 1696 622 1718; x_wconf 83' lang='lat' dir='ltr'><strong>secum</strong></span> <span class='ocrx_word' id='word_1_174' title='bbox 644 1686 803 1718; x_wconf 87' lang='lat' dir='ltr'><strong>duxerat.</strong></span> <span class='ocrx_word' id='word_1_175' title='bbox 848 1686 975 1718; x_wconf 87' lang='lat' dir='ltr'><strong>Verum</strong></span> 
     </span>
     <span class='ocr_line' id='line_1_26' title="bbox 268 1736 978 1778; baseline -0.004 -8"><span class='ocrx_word' id='word_1_176' title='bbox 268 1747 346 1770; x_wconf 86' lang='lat' dir='ltr'><strong>eum</strong></span> <span class='ocrx_word' id='word_1_177' title='bbox 363 1737 536 1769; x_wconf 74' lang='lat' dir='ltr'><strong>Hercules</strong></span> <span class='ocrx_word' id='word_1_178' title='bbox 560 1738 651 1770; x_wconf 88' lang='lat' dir='ltr'><strong>inter</strong></span> <span class='ocrx_word' id='word_1_179' title='bbox 672 1736 903 1778; x_wconf 84' lang='lat' dir='ltr'><strong>remigandum</strong></span> <span class='ocrx_word' id='word_1_180' title='bbox 926 1745 978 1768; x_wconf 85' lang='lat' dir='ltr'><strong>re-</strong></span> 
     </span>
     <span class='ocr_line' id='line_1_27' title="bbox 269 1786 978 1829; baseline -0.003 -9"><span class='ocrx_word' id='word_1_181' title='bbox 269 1798 361 1820; x_wconf 89' lang='lat' dir='ltr'><strong>mum</strong></span> <span class='ocrx_word' id='word_1_182' title='bbox 387 1797 483 1820; x_wconf 84' lang='lat' dir='ltr'><strong>suum</strong></span> <span class='ocrx_word' id='word_1_183' title='bbox 509 1786 683 1829; x_wconf 79' lang='lat' dir='ltr'><strong>fregisset,</strong></span> <span class='ocrx_word' id='word_1_184' title='bbox 702 1796 771 1820; x_wconf 87' lang='lat' dir='ltr'><strong>una</strong></span> <span class='ocrx_word' id='word_1_185' title='bbox 787 1796 865 1819; x_wconf 89' lang='lat' dir='ltr'><strong>cum</strong></span> <span class='ocrx_word' id='word_1_186' title='bbox 883 1787 978 1829; x_wconf 86' lang='lat' dir='ltr'><strong>Hyla</strong></span> 
     </span>
     <span class='ocr_line' id='line_1_28' title="bbox 269 1838 979 1880; baseline -0.001 -9"><span class='ocrx_word' id='word_1_187' title='bbox 269 1848 357 1871; x_wconf 79' lang='lat' dir='ltr'><strong>nave</strong></span> <span class='ocrx_word' id='word_1_188' title='bbox 385 1847 542 1879; x_wconf 83' lang='lat' dir='ltr'><strong>egressus</strong></span> <span class='ocrx_word' id='word_1_189' title='bbox 558 1842 623 1879; x_wconf 84' lang='lat' dir='ltr'><strong>est,</strong></span> <span class='ocrx_word' id='word_1_190' title='bbox 644 1843 683 1870; x_wconf 84' lang='lat' dir='ltr'><strong>ut</strong></span> <span class='ocrx_word' id='word_1_191' title='bbox 700 1838 801 1869; x_wconf 86' lang='lat' dir='ltr'><strong>alium</strong></span> <span class='ocrx_word' id='word_1_192' title='bbox 819 1838 852 1870; x_wconf 90' lang='lat' dir='ltr'><strong>in</strong></span> <span class='ocrx_word' id='word_1_193' title='bbox 877 1839 979 1880; x_wconf 80' lang='lat' dir='ltr'><strong>sylvis</strong></span> 
     </span>
     <span class='ocr_line' id='line_1_29' title="bbox 269 1888 979 1931; baseline 0 -10"><span class='ocrx_word' id='word_1_194' title='bbox 269 1889 392 1931; x_wconf 70' lang='lat' dir='ltr'><strong>Mysiae</strong></span> <span class='ocrx_word' id='word_1_195' title='bbox 406 1889 571 1921; x_wconf 65' lang='lat' dir='ltr'><strong>caederet.</strong></span> <span class='ocrx_word' id='word_1_196' title='bbox 617 1888 764 1920; x_wconf 83' lang='lat' dir='ltr'><strong>Pressus</strong></span> <span class='ocrx_word' id='word_1_197' title='bbox 777 1898 857 1920; x_wconf 78' lang='lat' dir='ltr'><strong>vero</strong></span> <span class='ocrx_word' id='word_1_198' title='bbox 867 1889 923 1920; x_wconf 89' lang='lat' dir='ltr'><strong>siti</strong></span> <span class='ocrx_word' id='word_1_199' title='bbox 936 1889 979 1921; x_wconf 89' lang='lat' dir='ltr'><strong>ob</strong></span> 
     </span>
     <span class='ocr_line' id='line_1_30' title="bbox 269 1938 978 1981; baseline -0.001 -10"><span class='ocrx_word' id='word_1_200' title='bbox 269 1941 431 1975; x_wconf 87' lang='lat' dir='ltr'><strong>calorem,</strong></span> <span class='ocrx_word' id='word_1_201' title='bbox 448 1939 576 1981; x_wconf 81' lang='lat' dir='ltr'><strong>Hylam</strong></span> <span class='ocrx_word' id='word_1_202' title='bbox 597 1949 674 1971; x_wconf 89' lang='lat' dir='ltr'><strong>cum</strong></span> <span class='ocrx_word' id='word_1_203' title='bbox 691 1938 812 1981; x_wconf 81' lang='lat' dir='ltr'><strong>hydria</strong></span> <span class='ocrx_word' id='word_1_204' title='bbox 828 1939 920 1971; x_wconf 86' lang='lat' dir='ltr'><strong>misit</strong></span> <span class='ocrx_word' id='word_1_205' title='bbox 935 1939 978 1970; x_wconf 82' lang='lat' dir='ltr'><strong>ad</strong></span> 
     </span>
     <span class='ocr_line' id='line_1_31' title="bbox 271 1988 978 2032; baseline 0 -11"><span class='ocrx_word' id='word_1_206' title='bbox 271 1989 457 2022; x_wconf 80' lang='lat' dir='ltr'><strong>Ascanium</strong></span> <span class='ocrx_word' id='word_1_207' title='bbox 487 1988 641 2030; x_wconf 82' lang='lat' dir='ltr'><strong>fluvium,</strong></span> <span class='ocrx_word' id='word_1_208' title='bbox 676 1994 715 2021; x_wconf 90' lang='lat' dir='ltr'><strong>ut</strong></span> <span class='ocrx_word' id='word_1_209' title='bbox 745 1989 826 2022; x_wconf 86' lang='lat' dir='ltr'><strong>inde</strong></span> <span class='ocrx_word' id='word_1_210' title='bbox 857 1999 978 2032; x_wconf 85' lang='lat' dir='ltr'><strong>aquam</strong></span> 
     </span>
     <span class='ocr_line' id='line_1_32' title="bbox 271 2037 979 2082; baseline 0 -11"><span class='ocrx_word' id='word_1_211' title='bbox 271 2039 338 2072; x_wconf 87' lang='lat' dir='ltr'><strong>sibi</strong></span> <span class='ocrx_word' id='word_1_212' title='bbox 367 2037 528 2071; x_wconf 79' lang='lat' dir='ltr'><strong>afferret:</strong></span> <span class='ocrx_word' id='word_1_213' title='bbox 551 2039 730 2071; x_wconf 87' lang='lat' dir='ltr'><strong>humiliore</strong></span> <span class='ocrx_word' id='word_1_214' title='bbox 750 2044 866 2072; x_wconf 89' lang='lat' dir='ltr'><strong>autem</strong></span> <span class='ocrx_word' id='word_1_215' title='bbox 889 2049 979 2082; x_wconf 84' lang='lat' dir='ltr'><strong>aqua</strong></span> 
     </span>
     <span class='ocr_line' id='line_1_33' title="bbox 271 2091 978 2133; baseline -0.001 -9"><span class='ocrx_word' id='word_1_216' title='bbox 271 2092 384 2133; x_wconf 80' lang='lat' dir='ltr'><strong>Hylas</strong></span> <span class='ocrx_word' id='word_1_217' title='bbox 400 2091 434 2122; x_wconf 91' lang='lat' dir='ltr'><strong>in</strong></span> <span class='ocrx_word' id='word_1_218' title='bbox 451 2096 574 2133; x_wconf 84' lang='lat' dir='ltr'><strong>pectus</strong></span> <span class='ocrx_word' id='word_1_219' title='bbox 588 2091 774 2132; x_wconf 85' lang='lat' dir='ltr'><strong>procubuit</strong></span> <span class='ocrx_word' id='word_1_220' title='bbox 791 2095 831 2123; x_wconf 87' lang='lat' dir='ltr'><strong>ut</strong></span> <span class='ocrx_word' id='word_1_221' title='bbox 855 2101 978 2133; x_wconf 79' lang='lat' dir='ltr'><strong>aquam</strong></span> 
     </span>
     <span class='ocr_line' id='line_1_34' title="bbox 269 2141 979 2183; baseline 0 -10"><span class='ocrx_word' id='word_1_222' title='bbox 269 2142 445 2181; x_wconf 57' lang='lat' dir='ltr'><strong>haur-iren</strong></span> <span class='ocrx_word' id='word_1_223' title='bbox 469 2142 588 2183; x_wconf 84' lang='lat' dir='ltr'><strong>elapsa</strong></span> <span class='ocrx_word' id='word_1_224' title='bbox 615 2146 730 2173; x_wconf 83' lang='lat' dir='ltr'><strong>autem</strong></span> <span class='ocrx_word' id='word_1_225' title='bbox 752 2141 817 2174; x_wconf 82' lang='lat' dir='ltr'><strong>sibi</strong></span> <span class='ocrx_word' id='word_1_226' title='bbox 841 2150 860 2173; x_wconf 92' lang='lat' dir='ltr'><strong>e</strong></span> <span class='ocrx_word' id='word_1_227' title='bbox 877 2151 979 2173; x_wconf 87' lang='lat' dir='ltr'><strong>mauu</strong></span> 
     </span>
     <span class='ocr_line' id='line_1_35' title="bbox 269 2191 979 2234; baseline 0.001 -11"><span class='ocrx_word' id='word_1_228' title='bbox 269 2191 405 2234; x_wconf 82' lang='lat' dir='ltr'><strong>hydria,</strong></span> <span class='ocrx_word' id='word_1_229' title='bbox 423 2201 499 2224; x_wconf 89' lang='lat' dir='ltr'><strong>eam</strong></span> <span class='ocrx_word' id='word_1_230' title='bbox 518 2192 632 2224; x_wconf 88' lang='lat' dir='ltr'><strong>subito</strong></span> <span class='ocrx_word' id='word_1_231' title='bbox 649 2192 807 2234; x_wconf 83' lang='lat' dir='ltr'><strong>recipere</strong></span> <span class='ocrx_word' id='word_1_232' title='bbox 824 2196 979 2233; x_wconf 77' lang='lat' dir='ltr'><strong>conatus,</strong></span> 
     </span>
     <span class='ocr_line' id='line_1_36' title="bbox 269 2241 978 2283; baseline -0.001 -10"><span class='ocrx_word' id='word_1_233' title='bbox 269 2243 347 2283; x_wconf 87' lang='lat' dir='ltr'><strong>ejus</strong></span> <span class='ocrx_word' id='word_1_234' title='bbox 377 2241 531 2282; x_wconf 90' lang='lat' dir='ltr'><strong>pondere</strong></span> <span class='ocrx_word' id='word_1_235' title='bbox 569 2241 746 2273; x_wconf 77' lang='lat' dir='ltr'><strong>demersus</strong></span> <span class='ocrx_word' id='word_1_236' title='bbox 777 2246 841 2273; x_wconf 88' lang='lat' dir='ltr'><strong>est.</strong></span> <span class='ocrx_word' id='word_1_237' title='bbox 890 2242 978 2275; x_wconf 81' lang='lat' dir='ltr'><strong>Quae</strong></span> 
     </span>
     <span class='ocr_line' id='line_1_37' title="bbox 272 2290 980 2333; baseline 0 -10"><span class='ocrx_word' id='word_1_238' title='bbox 272 2302 328 2324; x_wconf 84' lang='lat' dir='ltr'><strong>res</strong></span> <span class='ocrx_word' id='word_1_239' title='bbox 345 2291 442 2323; x_wconf 89' lang='lat' dir='ltr'><strong>dedit</strong></span> <span class='ocrx_word' id='word_1_240' title='bbox 454 2292 567 2323; x_wconf 88' lang='lat' dir='ltr'><strong>locum</strong></span> <span class='ocrx_word' id='word_1_241' title='bbox 581 2291 702 2323; x_wconf 72' lang='lat' dir='ltr'><strong>Poetis</strong></span> <span class='ocrx_word' id='word_1_242' title='bbox 717 2290 894 2323; x_wconf 84' lang='lat' dir='ltr'><strong>fabulandi</strong></span> <span class='ocrx_word' id='word_1_243' title='bbox 908 2292 980 2333; x_wconf 84' lang='lat' dir='ltr'><strong>Hy-</strong></span> 
     </span>
     <span class='ocr_line' id='line_1_38' title="bbox 271 2341 979 2383; baseline -0.001 -8"><span class='ocrx_word' id='word_1_244' title='bbox 271 2344 339 2375; x_wconf 79' lang='lat' dir='ltr'><strong>lam</strong></span> <span class='ocrx_word' id='word_1_245' title='bbox 368 2352 387 2373; x_wconf 87' lang='lat' dir='ltr'><strong>a</strong></span> <span class='ocrx_word' id='word_1_246' title='bbox 419 2341 588 2383; x_wconf 82' lang='lat' dir='ltr'><strong>Nymphis</strong></span> <span class='ocrx_word' id='word_1_247' title='bbox 616 2342 661 2373; x_wconf 92' lang='lat' dir='ltr'><strong>ob</strong></span> <span class='ocrx_word' id='word_1_248' title='bbox 690 2341 979 2383; x_wconf 88' lang='lat' dir='ltr'><strong>pulchritudinem</strong></span> 
     </span>
     <span class='ocr_line' id='line_1_39' title="bbox 271 2393 979 2436; baseline 0.001 -11"><span class='ocrx_word' id='word_1_249' title='bbox 271 2397 410 2436; x_wconf 80' lang='lat' dir='ltr'><strong>raptum</strong></span> <span class='ocrx_word' id='word_1_250' title='bbox 435 2393 553 2426; x_wconf 86' lang='lat' dir='ltr'><strong>fuisse.</strong></span> <span class='ocrx_word' id='word_1_251' title='bbox 592 2393 763 2426; x_wconf 86' lang='lat' dir='ltr'><strong>Hercules</strong></span> <span class='ocrx_word' id='word_1_252' title='bbox 787 2403 879 2434; x_wconf 83' lang='lat' dir='ltr'><strong>vero,</strong></span> <span class='ocrx_word' id='word_1_253' title='bbox 904 2403 979 2426; x_wconf 80' lang='lat' dir='ltr'><strong>cum</strong></span> 
     </span>
     <span class='ocr_line' id='line_1_40' title="bbox 273 2444 980 2487; baseline -0.004 -8"><span class='ocrx_word' id='word_1_254' title='bbox 273 2447 386 2487; x_wconf 80' lang='lat' dir='ltr'><strong>Hylas</strong></span> <span class='ocrx_word' id='word_1_255' title='bbox 403 2454 567 2487; x_wconf 84' lang='lat' dir='ltr'><strong>nusquam</strong></span> <span class='ocrx_word' id='word_1_256' title='bbox 584 2449 816 2486; x_wconf 83' lang='lat' dir='ltr'><strong>compareret,</strong></span> <span class='ocrx_word' id='word_1_257' title='bbox 828 2444 980 2477; x_wconf 75' lang='lat' dir='ltr'><strong>amissio-</strong></span> 
     </span>
     <span class='ocr_line' id='line_1_41' title="bbox 272 2495 979 2539; baseline -0.004 -10"><span class='ocrx_word' id='word_1_258' title='bbox 272 2507 350 2530; x_wconf 87' lang='lat' dir='ltr'><strong>nem</strong></span> <span class='ocrx_word' id='word_1_259' title='bbox 364 2497 438 2539; x_wconf 85' lang='lat' dir='ltr'><strong>ejus</strong></span> <span class='ocrx_word' id='word_1_260' title='bbox 455 2501 523 2528; x_wconf 76' lang='lat' dir='ltr'><strong>tam</strong></span> <span class='ocrx_word' id='word_1_261' title='bbox 541 2495 694 2537; x_wconf 80' lang='lat' dir='ltr'><strong>graviter</strong></span> <span class='ocrx_word' id='word_1_262' title='bbox 710 2495 802 2535; x_wconf 85' lang='lat' dir='ltr'><strong>tulit,</strong></span> <span class='ocrx_word' id='word_1_263' title='bbox 817 2500 868 2534; x_wconf 86' lang='lat' dir='ltr'><strong>nt,</strong></span> <span class='ocrx_word' id='word_1_264' title='bbox 882 2495 979 2526; x_wconf 80' lang='lat' dir='ltr'><strong>relic-</strong></span> 
     </span>
     <span class='ocr_line' id='line_1_42' title="bbox 273 2545 980 2589; baseline -0.004 -10"><span class='ocrx_word' id='word_1_265' title='bbox 273 2548 319 2579; x_wconf 80' lang='lat' dir='ltr'><strong>tis</strong></span> <span class='ocrx_word' id='word_1_266' title='bbox 335 2546 559 2589; x_wconf 80' lang='lat' dir='ltr'><strong>Argonautis,</strong></span> <span class='ocrx_word' id='word_1_267' title='bbox 587 2545 736 2587; x_wconf 82' lang='lat' dir='ltr'><strong>Mysiam</strong></span> <span class='ocrx_word' id='word_1_268' title='bbox 758 2550 865 2578; x_wconf 85' lang='lat' dir='ltr'><strong>totam</strong></span> <span class='ocrx_word' id='word_1_269' title='bbox 882 2545 980 2577; x_wconf 89' lang='lat' dir='ltr'><strong>ober-</strong></span> 
     </span>
     <span class='ocr_line' id='line_1_43' title="bbox 273 2596 981 2638; baseline -0.003 -9"><span class='ocrx_word' id='word_1_270' title='bbox 273 2607 352 2630; x_wconf 78' lang='lat' dir='ltr'><strong>rans</strong></span> <span class='ocrx_word' id='word_1_271' title='bbox 382 2599 392 2616; x_wconf 80' lang='lat'><strong><em>⁴</em></strong></span> <span class='ocrx_word' id='word_1_272' title='bbox 406 2597 545 2638; x_wconf 83' lang='lat' dir='ltr'><strong>Hylam&#39;</strong></span> <span class='ocrx_word' id='word_1_273' title='bbox 569 2603 606 2628; x_wconf 89' lang='lat' dir='ltr'><strong>et</strong></span> <span class='ocrx_word' id='word_1_274' title='bbox 622 2598 632 2614; x_wconf 88' lang='lat'>‘</span> <span class='ocrx_word' id='word_1_275' title='bbox 648 2596 783 2638; x_wconf 81' lang='lat' dir='ltr'><strong>Pylam’</strong></span> <span class='ocrx_word' id='word_1_276' title='bbox 799 2596 981 2628; x_wconf 86' lang='lat' dir='ltr'><strong>clamaret.</strong></span> 
     </span>
     <span class='ocr_line' id='line_1_44' title="bbox 274 2646 980 2680; baseline 0 -2"><span class='ocrx_word' id='word_1_277' title='bbox 274 2647 547 2680; x_wconf 79' lang='lat' dir='ltr'><strong>VideValerium</strong></span> <span class='ocrx_word' id='word_1_278' title='bbox 560 2647 722 2679; x_wconf 83' lang='lat' dir='ltr'><strong>Flaccum</strong></span> <span class='ocrx_word' id='word_1_279' title='bbox 734 2646 886 2679; x_wconf 82' lang='lat' dir='ltr'><strong>fabulum</strong></span> <span class='ocrx_word' id='word_1_280' title='bbox 893 2647 980 2678; x_wconf 86' lang='lat' dir='ltr'><strong>hanc</strong></span> 
     </span>
     <span class='ocr_line' id='line_1_45' title="bbox 275 2697 982 2739; baseline -0.001 -9"><span class='ocrx_word' id='word_1_281' title='bbox 275 2697 407 2739; x_wconf 73' lang='lat' dir='ltr'><strong>Argon.</strong></span> <span class='ocrx_word' id='word_1_282' title='bbox 422 2699 482 2730; x_wconf 90' lang='lat' dir='ltr'><strong>lib.</strong></span> <span class='ocrx_word' id='word_1_283' title='bbox 500 2707 558 2730; x_wconf 78' lang='grc' dir='ltr'>ιιι.</span> <span class='ocrx_word' id='word_1_284' title='bbox 574 2703 609 2730; x_wconf 90' lang='lat' dir='ltr'><strong>et</strong></span> <span class='ocrx_word' id='word_1_285' title='bbox 625 2706 675 2730; x_wconf 76' lang='lat' dir='ltr'><strong>iv.</strong></span> <span class='ocrx_word' id='word_1_286' title='bbox 693 2698 827 2739; x_wconf 82' lang='lat' dir='ltr'><strong>prolixe</strong></span> <span class='ocrx_word' id='word_1_287' title='bbox 842 2707 982 2729; x_wconf 85' lang='lat' dir='ltr'><strong>narrau-</strong></span> 
     </span>
     <span class='ocr_line' id='line_1_46' title="bbox 276 2747 981 2791; baseline -0.003 -10"><span class='ocrx_word' id='word_1_288' title='bbox 276 2754 358 2781; x_wconf 80' lang='lat' dir='ltr'><strong>tem.</strong></span> <span class='ocrx_word' id='word_1_289' title='bbox 403 2749 593 2791; x_wconf 66' lang='lat' dir='ltr'><strong>Lernamque</strong></span> <span class='ocrx_word' id='word_1_290' title='bbox 607 2750 718 2781; x_wconf 73' lang='lat' dir='ltr'><strong>tollens</strong></span> <span class='ocrx_word' id='word_1_291' title='bbox 732 2747 847 2790; x_wconf 74' lang='lat' dir='ltr'><strong>Arma]</strong></span> <span class='ocrx_word' id='word_1_292' title='bbox 870 2748 981 2790; x_wconf 79' lang='lat' dir='ltr'><strong>Hylas</strong></span> 
     </span>
    </p>
   </div>
   <div class='ocr_carea' id='block_1_9' title="bbox 1032 1429 1738 1471">
    <p class='ocr_par' dir='ltr' id='par_1_12' title="bbox 1032 1429 1738 1471">
     <span class='ocr_line' id='line_1_47' title="bbox 1032 1429 1738 1471; baseline 0.001 -10"><span class='ocrx_word' id='word_1_293' title='bbox 1032 1430 1121 1462; x_wconf 90' lang='lat' dir='ltr'><strong>enim</strong></span> <span class='ocrx_word' id='word_1_294' title='bbox 1139 1435 1215 1463; x_wconf 88' lang='lat' dir='ltr'><strong>erat</strong></span> <span class='ocrx_word' id='word_1_295' title='bbox 1234 1431 1393 1463; x_wconf 83' lang='lat' dir='ltr'><strong>Herculis</strong></span> <span class='ocrx_word' id='word_1_296' title='bbox 1409 1429 1569 1471; x_wconf 82' lang='lat' dir='ltr'><strong>armiger.</strong></span> <span class='ocrx_word' id='word_1_297' title='bbox 1612 1429 1671 1462; x_wconf 87' lang='lat' dir='ltr'><strong>Sic</strong></span> <span class='ocrx_word' id='word_1_298' title='bbox 1693 1429 1738 1462; x_wconf 87' lang='lat' dir='ltr'><strong>de</strong></span> 
     </span>
    </p>
   </div>
   <div class='ocr_carea' id='block_1_10' title="bbox 1032 1455 1820 1522">
    <p class='ocr_par' dir='ltr' id='par_1_13' title="bbox 1032 1455 1820 1522">
     <span class='ocr_line' id='line_1_48' title="bbox 1032 1455 1820 1522; baseline 0 -10"><span class='ocrx_word' id='word_1_299' title='bbox 1032 1481 1152 1512; x_wconf 86' lang='lat' dir='ltr'><strong>eodem</strong></span> <span class='ocrx_word' id='word_1_300' title='bbox 1169 1481 1261 1522; x_wconf 83' lang='lat' dir='ltr'><strong>Hyla</strong></span> <span class='ocrx_word' id='word_1_301' title='bbox 1273 1481 1432 1513; x_wconf 80' lang='lat' dir='ltr'><strong>Valerius</strong></span> <span class='ocrx_word' id='word_1_302' title='bbox 1445 1481 1592 1512; x_wconf 79' lang='lat' dir='ltr'><strong>Flaccus</strong></span> <span class='ocrx_word' id='word_1_303' title='bbox 1606 1479 1736 1521; x_wconf 80' lang='lat' dir='ltr'><strong>Argon.</strong></span> <span class='ocrx_word' id='word_1_304' title='bbox 1800 1455 1820 1492; x_wconf 22' lang='grc' dir='ltr'><strong>’ἑ</strong></span> 
     </span>
    </p>
   </div>
   <div class='ocr_carea' id='block_1_11' title="bbox 1031 1531 1744 2574">
    <p class='ocr_par' dir='ltr' id='par_1_14' title="bbox 1031 1531 1740 1776">
     <span class='ocr_line' id='line_1_49' title="bbox 1031 1531 1738 1574; baseline -0.001 -12"><span class='ocrx_word' id='word_1_305' title='bbox 1031 1531 1092 1563; x_wconf 89' lang='lat' dir='ltr'><strong>lib.</strong></span> <span class='ocrx_word' id='word_1_306' title='bbox 1107 1540 1132 1563; x_wconf 87' lang='lat'><strong>1.</strong></span> <span class='ocrx_word' id='word_1_307' title='bbox 1154 1532 1164 1550; x_wconf 93' lang='lat'>‘</span> <span class='ocrx_word' id='word_1_308' title='bbox 1183 1531 1335 1564; x_wconf 87' lang='lat' dir='ltr'><strong>Arcadio</strong></span> <span class='ocrx_word' id='word_1_309' title='bbox 1349 1532 1447 1574; x_wconf 84' lang='lat' dir='ltr'><strong>cujus</strong></span> <span class='ocrx_word' id='word_1_310' title='bbox 1459 1535 1589 1562; x_wconf 83' lang='lat' dir='ltr'><strong>armata</strong></span> <span class='ocrx_word' id='word_1_311' title='bbox 1606 1538 1738 1562; x_wconf 80' lang='lat' dir='ltr'><strong>veneno</strong></span> 
     </span>
     <span class='ocr_line' id='line_1_50' title="bbox 1031 1580 1739 1625; baseline -0.003 -11"><span class='ocrx_word' id='word_1_312' title='bbox 1031 1583 1114 1615; x_wconf 84' lang='lat' dir='ltr'><strong>Tela</strong></span> <span class='ocrx_word' id='word_1_313' title='bbox 1141 1593 1228 1624; x_wconf 85' lang='lat' dir='ltr'><strong>puer</strong></span> <span class='ocrx_word' id='word_1_314' title='bbox 1258 1582 1449 1625; x_wconf 87' lang='lat' dir='ltr'><strong>facilesque</strong></span> <span class='ocrx_word' id='word_1_315' title='bbox 1479 1580 1627 1614; x_wconf 79' lang='lat' dir='ltr'><strong>humeris</strong></span> <span class='ocrx_word' id='word_1_316' title='bbox 1657 1591 1739 1622; x_wconf 76' lang='lat' dir='ltr'><strong>gau-</strong></span> 
     </span>
     <span class='ocr_line' id='line_1_51' title="bbox 1032 1631 1740 1674; baseline 0.001 -11"><span class='ocrx_word' id='word_1_317' title='bbox 1032 1632 1196 1665; x_wconf 87' lang='lat' dir='ltr'><strong>dentibus</strong></span> <span class='ocrx_word' id='word_1_318' title='bbox 1213 1643 1310 1665; x_wconf 86' lang='lat' dir='ltr'><strong>arcus</strong></span> <span class='ocrx_word' id='word_1_319' title='bbox 1327 1633 1454 1665; x_wconf 83' lang='lat' dir='ltr'><strong>Gestat</strong></span> <span class='ocrx_word' id='word_1_320' title='bbox 1467 1631 1603 1674; x_wconf 85' lang='lat' dir='ltr'><strong>Hylas.’</strong></span> <span class='ocrx_word' id='word_1_321' title='bbox 1625 1632 1740 1664; x_wconf 80' lang='lat' dir='ltr'><strong>Vocat</strong></span> 
     </span>
     <span class='ocr_line' id='line_1_52' title="bbox 1032 1682 1740 1726; baseline -0.001 -10"><span class='ocrx_word' id='word_1_322' title='bbox 1032 1688 1146 1716; x_wconf 77' lang='lat' dir='ltr'><strong>antem</strong></span> <span class='ocrx_word' id='word_1_323' title='bbox 1177 1685 1312 1716; x_wconf 79' lang='lat' dir='ltr'><strong>Lernaeo</strong></span> <span class='ocrx_word' id='word_1_324' title='bbox 1348 1689 1494 1726; x_wconf 76' lang='lat' dir='ltr'><strong>propter</strong></span> <span class='ocrx_word' id='word_1_325' title='bbox 1523 1683 1669 1716; x_wconf 54' lang='lat' dir='ltr'><strong>occisam</strong></span> <span class='ocrx_word' id='word_1_326' title='bbox 1695 1682 1740 1715; x_wconf 84' lang='lat' dir='ltr'><strong>ab</strong></span> 
     </span>
     <span class='ocr_line' id='line_1_53' title="bbox 1032 1733 1674 1776; baseline -0.002 -10"><span class='ocrx_word' id='word_1_327' title='bbox 1032 1734 1185 1767; x_wconf 86' lang='lat' dir='ltr'><strong>Hercule</strong></span> <span class='ocrx_word' id='word_1_328' title='bbox 1202 1735 1346 1776; x_wconf 79' lang='lat' dir='ltr'><strong>hydram</strong></span> <span class='ocrx_word' id='word_1_329' title='bbox 1361 1735 1395 1766; x_wconf 91' lang='lat' dir='ltr'><strong>in</strong></span> <span class='ocrx_word' id='word_1_330' title='bbox 1412 1735 1522 1766; x_wconf 87' lang='lat' dir='ltr'><strong>Lerna</strong></span> <span class='ocrx_word' id='word_1_331' title='bbox 1537 1733 1674 1776; x_wconf 84' lang='lat' dir='ltr'><strong>palude.</strong></span> 
     </span>
    </p>

    <p class='ocr_par' dir='ltr' id='par_1_15' title="bbox 1031 1784 1741 1979">
     <span class='ocr_line' id='line_1_54' title="bbox 1075 1784 1741 1828; baseline -0.003 -9"><span class='ocrx_word' id='word_1_332' title='bbox 1075 1789 1139 1819; x_wconf 79' lang='grc'><strong>444</strong></span> <span class='ocrx_word' id='word_1_333' title='bbox 1162 1786 1227 1818; x_wconf 76' lang='lat' dir='ltr'><strong>Sub</strong></span> <span class='ocrx_word' id='word_1_334' title='bbox 1251 1787 1376 1827; x_wconf 70' lang='lat' dir='ltr'><strong>ingenti</strong></span> <span class='ocrx_word' id='word_1_335' title='bbox 1399 1784 1518 1826; x_wconf 67' lang='lat' dir='ltr'><strong>gaudit</strong></span> <span class='ocrx_word' id='word_1_336' title='bbox 1539 1785 1741 1828; x_wconf 71' lang='lat' dir='ltr'><strong>suam-epha·</strong></span> 
     </span>
     <span class='ocr_line' id='line_1_55' title="bbox 1031 1835 1740 1878; baseline -0.003 -9"><span class='ocrx_word' id='word_1_337' title='bbox 1031 1837 1134 1878; x_wconf 77' lang='lat' dir='ltr'><strong>retra]</strong></span> <span class='ocrx_word' id='word_1_338' title='bbox 1169 1837 1227 1869; x_wconf 88' lang='lat' dir='ltr'><strong>Sic</strong></span> <span class='ocrx_word' id='word_1_339' title='bbox 1264 1836 1406 1868; x_wconf 88' lang='lat' dir='ltr'><strong>Valerio</strong></span> <span class='ocrx_word' id='word_1_340' title='bbox 1442 1835 1571 1868; x_wconf 85' lang='lat' dir='ltr'><strong>Flacco</strong></span> <span class='ocrx_word' id='word_1_341' title='bbox 1605 1844 1711 1877; x_wconf 82' lang='lat' dir='ltr'><strong>supra</strong></span> <span class='ocrx_word' id='word_1_342' title='bbox 1731 1846 1740 1867; x_wconf 76' lang='lat' dir='ltr'><strong><em>z</em></strong></span> 
     </span>
     <span class='ocr_line' id='line_1_56' title="bbox 1033 1885 1740 1929; baseline -0.003 -9"><span class='ocrx_word' id='word_1_343' title='bbox 1033 1890 1043 1906; x_wconf 92' lang='lat'>‘</span> <span class='ocrx_word' id='word_1_344' title='bbox 1058 1888 1263 1929; x_wconf 81' lang='lat' dir='ltr'><strong>Facilesque</strong></span> <span class='ocrx_word' id='word_1_345' title='bbox 1277 1887 1428 1919; x_wconf 84' lang='lat' dir='ltr'><strong>humeris</strong></span> <span class='ocrx_word' id='word_1_346' title='bbox 1443 1885 1672 1928; x_wconf 75' lang='lat' dir='ltr'><strong>gaudentibus</strong></span> <span class='ocrx_word' id='word_1_347' title='bbox 1685 1895 1740 1918; x_wconf 81' lang='lat' dir='ltr'><strong>ar·</strong></span> 
     </span>
     <span class='ocr_line' id='line_1_57' title="bbox 1034 1936 1389 1979; baseline -0.006 -9"><span class='ocrx_word' id='word_1_348' title='bbox 1034 1948 1095 1970; x_wconf 89' lang='lat' dir='ltr'><strong>cus</strong></span> <span class='ocrx_word' id='word_1_349' title='bbox 1110 1938 1239 1970; x_wconf 85' lang='lat' dir='ltr'><strong>Gestat</strong></span> <span class='ocrx_word' id='word_1_350' title='bbox 1251 1936 1389 1979; x_wconf 62' lang='lat' dir='ltr'><strong>Hylas:</strong></span> 
     </span>
    </p>

    <p class='ocr_par' dir='ltr' id='par_1_16' title="bbox 1031 1986 1742 2233">
     <span class='ocr_line' id='line_1_58' title="bbox 1077 1986 1740 2029; baseline -0.005 -8"><span class='ocrx_word' id='word_1_351' title='bbox 1077 1991 1154 2021; x_wconf 71' lang='grc'><strong>445.</strong></span> <span class='ocrx_word' id='word_1_352' title='bbox 1168 1991 1234 2021; x_wconf 80' lang='grc'><strong>446</strong></span> <span class='ocrx_word' id='word_1_353' title='bbox 1261 1989 1364 2021; x_wconf 71' lang='lat' dir='ltr'><strong>Venus</strong></span> <span class='ocrx_word' id='word_1_354' title='bbox 1383 1991 1415 2020; x_wconf 79' lang='lat' dir='ltr'><strong>et</strong></span> <span class='ocrx_word' id='word_1_355' title='bbox 1429 1988 1518 2029; x_wconf 78' lang='lat' dir='ltr'><strong>regia</strong></span> <span class='ocrx_word' id='word_1_356' title='bbox 1533 1986 1635 2028; x_wconf 73' lang='lat' dir='ltr'><strong>Joeno]</strong></span> <span class='ocrx_word' id='word_1_357' title='bbox 1671 1987 1740 2019; x_wconf 81' lang='lat' dir='ltr'><strong>Ve-</strong></span> 
     </span>
     <span class='ocr_line' id='line_1_59' title="bbox 1033 2037 1742 2080; baseline -0.004 -9"><span class='ocrx_word' id='word_1_358' title='bbox 1033 2048 1151 2071; x_wconf 85' lang='lat' dir='ltr'><strong>nerem</strong></span> <span class='ocrx_word' id='word_1_359' title='bbox 1167 2043 1205 2072; x_wconf 88' lang='lat' dir='ltr'><strong>et</strong></span> <span class='ocrx_word' id='word_1_360' title='bbox 1228 2039 1251 2073; x_wconf 82' lang='lat' dir='ltr'>J</span> <span class='ocrx_word' id='word_1_361' title='bbox 1257 2048 1401 2071; x_wconf 85' lang='lat' dir='ltr'><strong>unonem</strong></span> <span class='ocrx_word' id='word_1_362' title='bbox 1416 2038 1505 2071; x_wconf 88' lang='lat' dir='ltr'><strong>bene</strong></span> <span class='ocrx_word' id='word_1_363' title='bbox 1522 2037 1652 2080; x_wconf 80' lang='lat' dir='ltr'><strong>jungit,</strong></span> <span class='ocrx_word' id='word_1_364' title='bbox 1666 2041 1742 2068; x_wconf 85' lang='lat' dir='ltr'><strong>tau-</strong></span> 
     </span>
     <span class='ocr_line' id='line_1_60' title="bbox 1033 2087 1741 2132; baseline -0.006 -10"><span class='ocrx_word' id='word_1_365' title='bbox 1033 2100 1134 2132; x_wconf 86' lang='lat' dir='ltr'><strong>quam</strong></span> <span class='ocrx_word' id='word_1_366' title='bbox 1149 2091 1244 2122; x_wconf 78' lang='lat' dir='ltr'><strong>neas</strong></span> <span class='ocrx_word' id='word_1_367' title='bbox 1260 2089 1457 2131; x_wconf 83' lang='lat' dir='ltr'><strong>nuptiarum</strong></span> <span class='ocrx_word' id='word_1_368' title='bbox 1472 2087 1652 2130; x_wconf 71' lang='lat' dir='ltr'><strong>praesides.</strong></span> <span class='ocrx_word' id='word_1_369' title='bbox 1676 2087 1741 2119; x_wconf 85' lang='lat' dir='ltr'><strong>Re-</strong></span> 
     </span>
     <span class='ocr_line' id='line_1_61' title="bbox 1031 2137 1742 2181; baseline -0.007 -9"><span class='ocrx_word' id='word_1_370' title='bbox 1031 2140 1104 2181; x_wconf 78' lang='lat' dir='ltr'><strong>gia]</strong></span> <span class='ocrx_word' id='word_1_371' title='bbox 1148 2139 1333 2181; x_wconf 88' lang='lat' dir='ltr'><strong>Proprium</strong></span> <span class='ocrx_word' id='word_1_372' title='bbox 1368 2139 1558 2181; x_wconf 80' lang='lat' dir='ltr'><strong>epithetum</strong></span> <span class='ocrx_word' id='word_1_373' title='bbox 1582 2137 1742 2176; x_wconf 80' lang='lat' dir='ltr'><strong>Junonis,</strong></span> 
     </span>
     <span class='ocr_line' id='line_1_62' title="bbox 1034 2188 1716 2233; baseline -0.004 -10"><span class='ocrx_word' id='word_1_374' title='bbox 1034 2190 1123 2233; x_wconf 88' lang='lat' dir='ltr'><strong>quod</strong></span> <span class='ocrx_word' id='word_1_375' title='bbox 1137 2194 1232 2222; x_wconf 84' lang='lat' dir='ltr'><strong>esset</strong></span> <span class='ocrx_word' id='word_1_376' title='bbox 1246 2190 1401 2222; x_wconf 83' lang='lat' dir='ltr'><strong>Deorum</strong></span> <span class='ocrx_word' id='word_1_377' title='bbox 1417 2188 1546 2228; x_wconf 78' lang='lat' dir='ltr'><strong>regina.</strong></span> <span class='ocrx_word' id='word_1_378' title='bbox 1713 2197 1716 2200; x_wconf 68' lang='grc'><strong>’</strong></span> 
     </span>
    </p>

    <p class='ocr_par' dir='ltr' id='par_1_17' title="bbox 1033 2235 1744 2574">
     <span class='ocr_line' id='line_1_63' title="bbox 1076 2235 1742 2278; baseline -0.006 -7"><span class='ocrx_word' id='word_1_379' title='bbox 1076 2242 1141 2272; x_wconf 78' lang='lat'><strong>449</strong></span> <span class='ocrx_word' id='word_1_380' title='bbox 1164 2239 1295 2271; x_wconf 73' lang='lat' dir='ltr'><strong>Primus</strong></span> <span class='ocrx_word' id='word_1_381' title='bbox 1309 2239 1343 2270; x_wconf 80' lang='lat' dir='ltr'><strong>in</strong></span> <span class='ocrx_word' id='word_1_382' title='bbox 1355 2238 1423 2270; x_wconf 70' lang='lat' dir='ltr'><strong>aria</strong></span> <span class='ocrx_word' id='word_1_383' title='bbox 1438 2236 1547 2278; x_wconf 73' lang='lat' dir='ltr'><strong>Ignis]</strong></span> <span class='ocrx_word' id='word_1_384' title='bbox 1578 2235 1635 2269; x_wconf 88' lang='lat' dir='ltr'><strong>Au</strong></span> <span class='ocrx_word' id='word_1_385' title='bbox 1662 2235 1742 2278; x_wconf 85' lang='lat' dir='ltr'><strong>quia</strong></span> 
     </span>
     <span class='ocr_line' id='line_1_64' title="bbox 1035 2286 1742 2322; baseline -0.007 0"><span class='ocrx_word' id='word_1_386' title='bbox 1035 2300 1055 2322; x_wconf 92' lang='lat' dir='ltr'><strong>a</strong></span> <span class='ocrx_word' id='word_1_387' title='bbox 1077 2289 1175 2322; x_wconf 77' lang='lat' dir='ltr'><strong>caede</strong></span> <span class='ocrx_word' id='word_1_388' title='bbox 1197 2290 1338 2321; x_wconf 89' lang='lat' dir='ltr'><strong>marium</strong></span> <span class='ocrx_word' id='word_1_389' title='bbox 1354 2289 1450 2321; x_wconf 82' lang='lat' dir='ltr'><strong>nulla</strong></span> <span class='ocrx_word' id='word_1_390' title='bbox 1465 2287 1622 2320; x_wconf 77' lang='lat' dir='ltr'><strong>fecerant</strong></span> <span class='ocrx_word' id='word_1_391' title='bbox 1637 2286 1742 2318; x_wconf 77' lang='lat' dir='ltr'><strong>sacri-</strong></span> 
     </span>
     <span class='ocr_line' id='line_1_65' title="bbox 1034 2337 1744 2382; baseline -0.007 -9"><span class='ocrx_word' id='word_1_392' title='bbox 1034 2340 1137 2373; x_wconf 85' lang='lat' dir='ltr'><strong>ficia?</strong></span> <span class='ocrx_word' id='word_1_393' title='bbox 1173 2339 1229 2372; x_wconf 88' lang='lat' dir='ltr'><strong>An</strong></span> <span class='ocrx_word' id='word_1_394' title='bbox 1250 2341 1329 2382; x_wconf 89' lang='lat' dir='ltr'><strong>quia</strong></span> <span class='ocrx_word' id='word_1_395' title='bbox 1343 2340 1376 2372; x_wconf 84' lang='lat' dir='ltr'><strong>iu</strong></span> <span class='ocrx_word' id='word_1_396' title='bbox 1397 2337 1639 2372; x_wconf 82' lang='lat' dir='ltr'><strong>contrahendis</strong></span> <span class='ocrx_word' id='word_1_397' title='bbox 1654 2345 1744 2378; x_wconf 83' lang='lat' dir='ltr'><strong>nup·</strong></span> 
     </span>
     <span class='ocr_line' id='line_1_66' title="bbox 1036 2386 1742 2432; baseline -0.008 -8"><span class='ocrx_word' id='word_1_398' title='bbox 1036 2392 1092 2424; x_wconf 86' lang='lat' dir='ltr'><strong>tiis</strong></span> <span class='ocrx_word' id='word_1_399' title='bbox 1103 2391 1272 2424; x_wconf 84' lang='lat' dir='ltr'><strong>sacrificia</strong></span> <span class='ocrx_word' id='word_1_400' title='bbox 1282 2390 1434 2423; x_wconf 80' lang='lat' dir='ltr'><strong>fiebant?</strong></span> <span class='ocrx_word' id='word_1_401' title='bbox 1449 2391 1640 2432; x_wconf 87' lang='lat' dir='ltr'><strong>nupserunt</strong></span> <span class='ocrx_word' id='word_1_402' title='bbox 1650 2386 1742 2420; x_wconf 85' lang='lat' dir='ltr'><strong>enim</strong></span> 
     </span>
     <span class='ocr_line' id='line_1_67' title="bbox 1035 2437 1742 2482; baseline -0.01 -8"><span class='ocrx_word' id='word_1_403' title='bbox 1035 2441 1241 2473; x_wconf 84' lang='lat' dir='ltr'><strong>Lemniades</strong></span> <span class='ocrx_word' id='word_1_404' title='bbox 1267 2439 1499 2482; x_wconf 78' lang='lat' dir='ltr'><strong>Argonautis:</strong></span> <span class='ocrx_word' id='word_1_405' title='bbox 1523 2438 1650 2470; x_wconf 86' lang='lat' dir='ltr'><strong>dicitur</strong></span> <span class='ocrx_word' id='word_1_406' title='bbox 1673 2437 1742 2477; x_wconf 81' lang='lat' dir='ltr'><strong>pri·</strong></span> 
     </span>
     <span class='ocr_line' id='line_1_68' title="bbox 1033 2492 1742 2535; baseline -0.011 -10"><span class='ocrx_word' id='word_1_407' title='bbox 1033 2502 1116 2533; x_wconf 76' lang='lat' dir='ltr'><strong>mus,</strong></span> <span class='ocrx_word' id='word_1_408' title='bbox 1132 2492 1214 2535; x_wconf 84' lang='lat' dir='ltr'><strong>quia</strong></span> <span class='ocrx_word' id='word_1_409' title='bbox 1238 2497 1318 2534; x_wconf 86' lang='lat' dir='ltr'><strong>post</strong></span> <span class='ocrx_word' id='word_1_410' title='bbox 1333 2492 1465 2523; x_wconf 80' lang='lat' dir='ltr'><strong>occisos</strong></span> <span class='ocrx_word' id='word_1_411' title='bbox 1481 2498 1590 2522; x_wconf 79' lang='lat' dir='ltr'><strong>mares</strong></span> <span class='ocrx_word' id='word_1_412' title='bbox 1605 2495 1674 2519; x_wconf 84' lang='lat' dir='ltr'><strong>non</strong></span> <span class='ocrx_word' id='word_1_413' title='bbox 1689 2496 1742 2518; x_wconf 84' lang='lat' dir='ltr'><strong>sa—</strong></span> 
     </span>
     <span class='ocr_line' id='line_1_69' title="bbox 1033 2541 1288 2574; baseline 0.004 -1"><span class='ocrx_word' id='word_1_414' title='bbox 1033 2541 1288 2574; x_wconf 83' lang='lat' dir='ltr'><strong>crificaverant.</strong></span> 
     </span>
    </p>
   </div>
   <div class='ocr_carea' id='block_1_12' title="bbox 1034 2640 1743 2729">
    <p class='ocr_par' dir='ltr' id='par_1_18' title="bbox 1034 2640 1743 2729">
     <span class='ocr_line' id='line_1_70' title="bbox 1034 2640 1743 2684; baseline -0.008 -9"><span class='ocrx_word' id='word_1_415' title='bbox 1034 2652 1102 2682; x_wconf 88' lang='lat' dir='ltr'><strong>ne;</strong></span> <span class='ocrx_word' id='word_1_416' title='bbox 1133 2642 1297 2684; x_wconf 82' lang='lat' dir='ltr'><strong>quasdam</strong></span> <span class='ocrx_word' id='word_1_417' title='bbox 1327 2641 1418 2675; x_wconf 88' lang='lat' dir='ltr'><strong>euim</strong></span> <span class='ocrx_word' id='word_1_418' title='bbox 1447 2640 1594 2672; x_wconf 74' lang='lat' dir='ltr'><strong>victimoe</strong></span> <span class='ocrx_word' id='word_1_419' title='bbox 1625 2642 1743 2680; x_wconf 70' lang='lat' dir='ltr'><strong>parte·</strong></span> 
     </span>
     <span class='ocr_line' id='line_1_71' title="bbox 1036 2695 1230 2729; baseline -0.01 0"><span class='ocrx_word' id='word_1_420' title='bbox 1036 2695 1230 2729; x_wconf 82' lang='lat' dir='ltr'><strong>adolebant.</strong></span> 
     </span>
    </p>
   </div>
   <div class='ocr_carea' id='block_1_13' title="bbox 1035 2539 1807 2631">
    <p class='ocr_par' dir='ltr' id='par_1_19' title="bbox 1035 2539 1807 2631">
     <span class='ocr_line' id='line_1_72' title="bbox 1349 2539 1807 2574; baseline -0.017 -1"><span class='ocrx_word' id='word_1_421' title='bbox 1349 2541 1428 2574; x_wconf 71' lang='lat' dir='ltr'><strong>Non</strong></span> <span class='ocrx_word' id='word_1_422' title='bbox 1463 2539 1595 2572; x_wconf 80' lang='lat' dir='ltr'><strong>fiebant</strong></span> <span class='ocrx_word' id='word_1_423' title='bbox 1625 2541 1741 2568; x_wconf 79' lang='lat' dir='ltr'><strong>autem</strong></span> <span class='ocrx_word' id='word_1_424' title='bbox 1799 2545 1807 2561; x_wconf 91' lang='grc'><strong>.-</strong></span> 
     </span>
     <span class='ocr_line' id='line_1_73' title="bbox 1035 2588 1797 2631; baseline -0.01 -6"><span class='ocrx_word' id='word_1_425' title='bbox 1035 2591 1207 2625; x_wconf 82' lang='lat' dir='ltr'><strong>sacrificia</strong></span> <span class='ocrx_word' id='word_1_426' title='bbox 1225 2592 1290 2624; x_wconf 85' lang='lat' dir='ltr'><strong>nisi</strong></span> <span class='ocrx_word' id='word_1_427' title='bbox 1312 2601 1455 2625; x_wconf 79' lang='lat' dir='ltr'><strong>accenso</strong></span> <span class='ocrx_word' id='word_1_428' title='bbox 1478 2598 1581 2631; x_wconf 78' lang='lat' dir='ltr'><strong>super</strong></span> <span class='ocrx_word' id='word_1_429' title='bbox 1600 2597 1676 2620; x_wconf 81' lang='lat' dir='ltr'><strong>aras</strong></span> <span class='ocrx_word' id='word_1_430' title='bbox 1693 2588 1740 2628; x_wconf 83' lang='lat' dir='ltr'><strong>ig·</strong></span> <span class='ocrx_word' id='word_1_431' title='bbox 1795 2615 1797 2618; x_wconf 17' lang='grc' dir='ltr'><em>Α</em></span> 
     </span>
    </p>
   </div>
  </div>
 </body>
</html>
