1820 3068
201 199 291 244 596
706 209 747 240 Ρ.
780 206 971 240 nemu
1006 206 1171 240 STA'rit

207 305 365 360 Longa
385 308 501 348 retro
522 302 675 355 series,
696 303 920 359 trepidum
941 305 981 346 si
1003 303 1162 346 Martis
1181 304 1323 358 operti

206 373 464 427 Agricolam
483 370 679 415 infandis
699 372 956 415 condentem
975 373 1132 427 praelia
1148 372 1291 414 sulcis

206 438 475 496 Expediam,
496 439 759 494 penitusque
779 453 956 495 sequar,
987 453 1078 494 quo
1099 440 1291 482 carmine
1309 440 1444 483 muris

205 509 235 551 J
239 509 398 550 usserit
418 506 645 562 Amphion
663 507 829 561 Tyrios
849 506 1059 549 accedere
1073 513 1264 549 montes·
1608 505 1665 549 10

207 575 339 617 Unde
361 588 515 629 graves
538 575 617 617 irae
638 578 828 628 cognata
847 574 893 615 in
915 574 1082 616 moenia
1103 573 1300 624 Baccho,

206 663 302 695 altius
331 664 498 704 repetenda
517 663 619 702 soret,
642 664 670 695 si
693 664 841 703 referrem
865 663 1022 705 trepidum
1044 667 1178 697 satorem
1203 662 1275 695 beni
1287 662 1432 701 ‘late-tia,
1445 663 1666 703 supponentem

203 707 372 739 certamina
387 706 479 738 sulcis
494 708 721 745 consceleratis,
735 710 766 738 et
780 707 809 738 si
824 717 951 748 prorsus
972 717 1167 748 exponerem,
1183 717 1240 747 quo
1254 709 1348 739 cantu
1363 703 1515 746 Amphion
1529 705 1663 745 impera-

204 750 285 782 verit
299 759 378 781 saxa
402 749 645 791 appropinquare
660 750 876 782 construendis
890 750 1039 782 maenibus
1057 750 1232 782 Thebanis:
1254 759 1314 791 qua
1324 750 1362 781 de
1375 758 1469 780 causa
1482 746 1602 779 exarsit
1615 747 1666 778 ira

815 834 935 846 ‘OM‘

936 834 1058 846 oooooo

196 888 370 931 -jectabat,
383 889 608 928 fuctum—10
637 889 780 920 Jussemt
807 888 909 920 Rom.
953 888 1093 921 Jusserit
1122 886 1226 919 Aldd.
1254 885 1365 918 Colin.
1390 885 1524 926 Gryph.
1555 885 1664 917 Basil-

205 930 319 964 Plant.
329 934 396 964 &c.
423 937 459 963 et
482 932 532 963 sic
548 932 708 964 Petrens.
755 932 866 974 Tyrios
890 933 1052 964 Petrens.
1073 936 1111 964 et
1137 939 1254 963 omnes
1279 928 1381 962 codd.
1405 927 1583 969 Gronovii,
1606 928 1665 971 qni

871 1006 903 1037 N
909 1004 1015 1037 051*AE

207 1076 271 1101 rex
292 1073 379 1102 erat.
422 1069 526 1101 Sidon
543 1073 657 1101 autem
684 1074 738 1102 est
754 1069 907 1102 celeber-

205 1120 327 1152 rimum
351 1125 388 1152 et
420 1119 693 1162 antiquissimum
717 1121 906 1162 emporium

203 1169 247 1200 ud
278 1179 369 1202 mare
396 1169 634 1202 Phoenicium=
667 1170 759 1212 quod
783 1181 908 1203 nomen

204 1221 361 1252 sortitum
379 1225 431 1252 est
447 1220 489 1251 ab
513 1219 722 1252 abundantia
738 1221 882 1263 piscium
897 1232 906 1253 :

203 1281 279 1303 uam
295 1270 374 1303 Sa‘id
400 1271 546 1313 piscatio
562 1271 783 1303 Phoenicibus
806 1272 908 1313 signi-

204 1321 337 1354 ficatur.
380 1322 471 1364 Tyro
487 1321 640 1353 distabat
655 1320 730 1353 fere
747 1321 906 1354 ducentis

206 1372 340 1414 stadiis,
353 1377 392 1405 ut
407 1373 511 1405 habet
527 1372 662 1405 Strabo.
707 1372 821 1405 Hodie
850 1383 906 1405 vo·

205 1428 305 1454 catur
321 1422 409 1454 Sai'd.

245 1476 265 1505 7
304 1473 472 1514 Trepidam
501 1472 698 1514 Agricolam]
727 1473 906 1506 Cadmum.

206 1523 370 1563 Cadmus,
384 1533 499 1555 sorore
515 1533 582 1555 non
594 1529 748 1565 reperta,
762 1534 840 1556 cum
863 1534 907 1557 ex

204 1574 332 1607 oraculi
350 1583 515 1615 responso
543 1573 694 1606 venisset
714 1574 748 1605 in
775 1584 817 1606 ea
831 1575 909 1607 loca.

203 1624 237 1656 in
268 1625 390 1666 quibus
417 1629 537 1665 postea
569 1625 705 1656 Thebas
739 1625 906 1666 condidit,

203 1676 386 1709 draconem
412 1676 518 1708 Marti
545 1686 692 1716 sacrum,
718 1676 777 1718 qui
805 1677 907 1709 comi-

205 1731 277 1758 tum
291 1736 430 1759 suorum
445 1726 575 1768 aliquos
591 1726 783 1766 occiderat,
803 1727 906 1759 inter-

202 1775 299 1817 fecit,
311 1782 345 1808 et
362 1776 490 1808 avulsis
502 1776 575 1818 ejus
594 1776 768 1816 dentibus,
780 1777 907 1817 Miner-

206 1837 258 1859 vae
273 1827 416 1868 monitu,
427 1837 466 1859 ae
480 1829 575 1868 satis,
586 1827 653 1859 orti
667 1833 748 1860 sunt
762 1833 907 1870 repente

202 1878 355 1910 homiues
371 1879 504 1919 armati,
522 1879 580 1920 qui
595 1888 632 1910 se
647 1879 773 1910 mutuis
790 1880 907 1912 vulne-

202 1929 297 1960 ribus
313 1929 546 1968 conciderunt,
571 1929 724 1970 quinque
740 1930 908 1971 exceptis,

203 1979 263 2021 qni
280 1989 316 2011 se
333 1979 464 2011 Cadmo
490 1978 753 2020 conjunxerunt.
798 1980 908 2022 Trepi-

201 2030 289 2071 dum]
314 2031 400 2064 Quis
417 2030 505 2060 enirn
528 2038 596 2060 non
623 2029 853 2069 horresceret,
879 2030 907 2062 si

203 2082 411 2122 prodeuntes
428 2090 446 2111 e
467 2084 560 2111 terra
586 2080 791 2113 bellatorum
814 2081 906 2122 copi-

203 2141 240 2162 as
265 2132 420 2163 videret?
463 2130 600 2171 Martis]
623 2131 727 2164 Belli.
757 2132 908 2165 Martem

203 2182 289 2213 sumi
321 2191 382 2223 pro
406 2182 497 2214 bello
521 2181 612 2222 apud
629 2181 756 2214 Poe'tas
785 2183 907 2224 passim

202 2233 352 2264 obvium.
406 2232 534 2273 Operti]
558 2231 600 2263 Id
616 2237 682 2272 eat,
708 2233 848 2264 latentis
872 2232 907 2264 in

204 2284 364 2316 dentibus
379 2285 462 2316 satis
478 2284 651 2316 draconis.
695 2284 784 2317 Vide
801 2283 905 2318 Ovid.

208 2334 298 2366 Met.
315 2344 371 2366 ιιι.

245 2388 266 2416 8
281 2384 443 2425 Infandis]
468 2384 559 2417 Quia
576 2390 784 2426 pepererunt
799 2395 907 2418 arma-

204 2439 258 2465 tos
269 2435 436 2466 homiues.
477 2435 668 2466 Gaudentem
677 2435 787 2476 proelia
801 2435 909 2477 sulcis]

207 2484 365 2516 Imitatus
396 2490 449 2516 est
479 2485 644 2526 Papinius
675 2485 906 2526 Propertium,

207 2535 264 2576 qui
291 2535 433 2575 loquens
461 2536 503 2568 de
531 2536 670 2575 Medea,
693 2536 768 2567 haec
784 2536 833 2568 ait
848 2536 905 2569 lib.

205 2594 262 2617 ιιι.
296 2586 390 2626 Eleg.
430 2591 478 2619 10.
537 2590 545 2606 ‘
558 2587 693 2620 Colchis
723 2586 906 2628 flagrantes

207 2635 425 2667 adamantina
441 2638 602 2678 subjuga
620 2643 736 2670 tauros
758 2638 854 2680 Egit,
870 2642 907 2670 et

205 2686 375 2727 armigera
393 2687 512 2728 praelia
528 2689 616 2720 sevit
631 2689 752 2722 humo:

250 2740 271 2768 9
290 2737 357 2773 Quo
367 2738 502 2770 carmine
517 2739 614 2771 muris
625 2741 761 2772 Jusserie
776 2739 908 2782 Amphi-

962 1079 1002 1101 on
1029 1068 1141 1110 Tyrion
1164 1067 1308 1100 accedere
1336 1065 1468 1106 monus]
1491 1063 1664 1106 Amphion

961 1119 1075 1161 Jovis,
1096 1119 1166 1159 vel,
1195 1124 1234 1152 ut
1259 1118 1317 1151 alii
1339 1118 1470 1157 volunt,
1495 1116 1663 1151 Mercurii

961 1169 1051 1202 filius
1064 1168 1153 1209 fuit3
1176 1179 1196 1201 a
1214 1179 1280 1211 qno
1297 1178 1373 1201 cum
1388 1168 1495 1210 lyram
1511 1167 1665 1209 accepis·

962 1225 1031 1262 set,
1055 1220 1139 1253 moti
1169 1219 1352 1252 dulcedine
1380 1222 1503 1251 cantus
1532 1217 1664 1259 lapidea

962 1275 1087 1314 sponte
1109 1281 1147 1304 se
1168 1271 1273 1304 muris
1293 1270 1486 1303 Thebarum
1504 1273 1665 1303 conatu-w

963 1323 1061 1355 endis
1096 1322 1334 1355 admoverunt.
1390 1321 1505 1353 Locus
1535 1319 1666 1353 sabnlae

964 1373 1079 1415 datus,
1111 1373 1203 1416 quod
1223 1372 1399 1415 Amphion
1410 1371 1542 1404 Thebas
1558 1371 1663 1403 muria

961 1429 999 1457 et
1013 1424 1168 1456 turribus
1194 1423 1356 1465 cinxerit,
1377 1432 1417 1455 ac
1432 1421 1662 1464 fidibusprae-

961 1475 1056 1506 clare
1084 1474 1272 1506 cecinerit:
1310 1473 1364 1505 vel
1394 1473 1520 1514 potius,
1549 1478 1586 1503 ut
1616 1471 1666 1506 ait

959 1525 1107 1561 Solinus,
1130 1524 1221 1567 quod
1246 1525 1256 1541 ‘
1270 1521 1396 1556 affatus
1418 1522 1590 1554 suavitate
1605 1521 1665 1554 ho-

959 1575 1067 1606 mines
1083 1575 1219 1617 rupium
1235 1574 1362 1606 incolas
1387 1578 1423 1605 et
1438 1572 1577 1606 incultis
1592 1581 1664 1604 mo·

962 1625 1056 1657 ribus
1080 1625 1181 1657 rudes
1204 1624 1247 1657 ad
1274 1623 1430 1667 obsequii
1456 1623 1566 1655 civilis
1589 1631 1665 1664 per-

960 1675 1059 1706 duxit
1075 1673 1316 1716 disciplinam-⁹

1003 1728 1044 1757 10
1079 1725 1206 1767 Tyrios]
1253 1725 1450 1757 Thebanos.
1507 1722 1664 1756 Thebani

959 1776 1049 1807 euim
1087 1786 1107 1808 a
1145 1775 1257 1816 Tyriis
1280 1775 1447 1818 originem
1477 1773 1666 1812 ducebant.

959 1827 1089 1859 Verum
1116 1825 1314 1858 Gronovius
1339 1823 1520 1866 legendnm
1544 1827 1666 1856 censet

964 1877 1081 1919 Tyriis,
1097 1877 1164 1908 etsi
1176 1875 1329 1908 fateatur
1340 1884 1458 1906 omnes
1472 1875 1558 1907 Mas.
1569 1874 1665 1913 codi-

963 1938 1022 1960 ces
1034 1927 1161 1960 habere
1174 1926 1298 1969 Tyrios,
1308 1930 1347 1957 ut
1357 1925 1400 1958 ad
1412 1935 1525 1957 muros
1537 1924 1664 1958 referu-

963 1983 1039 2010 tur:
1065 1978 1194 2010 rectius
1223 1976 1351 2019 quippe
1376 1975 1462 2008 dicit
1491 1976 1665 2010 Thebanis

960 2029 1064 2061 muris
1104 2028 1271 2061 accedere
1310 2037 1404 2068 saxa,
1442 2037 1542 2070 qnam
1580 2037 1664 2060 saxa

959 2080 1122 2112 Thebana
1146 2079 1250 2111 muris
1280 2078 1459 2111 accedere.
1519 2078 1662 2120 Montes]

962 2130 1208 2172 Hyperbolice,
1225 2138 1288 2170 pro
1298 2128 1485 2170 grandibus
1501 2129 1604 2161 saxis.

1005 2183 1043 2212 11
1063 2181 1152 2213 Unde
1164 2188 1278 2221 graves
1288 2179 1346 2211 irae
1356 2182 1488 2219 cognata
1503 2179 1538 2211 in
1549 2179 1663 2212 ’κακία

962 2230 1104 2272 Baccho]
1126 2231 1198 2262 Per
1212 2229 1326 2262 moenia
1350 2229 1404 2262 hic
1431 2239 1586 2271 personae
1611 2230 1662 2262 in·

962 2283 1173 2324 telliguntur.
1231 2280 1371 2323 Duplex
1409 2286 1522 2314 autem
1547 2285 1665 2323 potest

962 2344 1033 2366 esse
1045 2343 1162 2366 sensus
1174 2333 1317 2374 huJusce
1334 2343 1461 2365 versus.
1496 2333 1587 2366 Nam
1603 2339 1663 2366 aut

959 2396 1073 2426 grates
1086 2385 1147 2416 irae
1157 2389 1304 2426 ⁴possunt
1317 2394 1392 2416 esse
1409 2384 1528 2417 Bacchi
1538 2385 1572 2416 in
1586 2394 1660 2424 cog-

960 2439 1036 2467 nata
1059 2434 1123 2466 sibi
1136 2435 1262 2476 moenia,
1275 2439 1335 2467 aut
1347 2435 1487 2467 alterius
1504 2434 1537 2466 in
1548 2434 1662 2467 ,πα-κὶα

960 2489 1093 2526 cognata
1109 2486 1244 2517 Baccho.
1267 2484 1381 2516 Priori
1393 2492 1492 2516 sensu
1504 2483 1663 2526 intelligi·

960 2541 1018 2568 tur
1043 2536 1086 2567 de
1117 2535 1256 2567 Baccho
1282 2534 1433 2575 graviter
1458 2534 1548 2566 irato
1565 2534 1659 2567 Pen-

962 2587 1054 2624 theo,
1070 2585 1114 2618 ob
1131 2590 1248 2627 spreta
1269 2585 1363 2626 orgia
1385 2594 1464 2616 sum:
1489 2583 1579 2616 unde
1591 2583 1659 2616 dis-

961 2637 1057 2678 cerpi
1081 2647 1158 2668 eum
1174 2635 1260 2669 fecit
1277 2647 1296 2668 a
1313 2636 1450 2678 propria
1464 2641 1574 2667 matre
1588 2646 1598 2674 ;
1618 2640 1657 2668 et

960 2689 1015 2720 hic
1032 2688 1143 2720 moenioe
1165 2697 1228 2730 pro
1253 2687 1408 2720 Pentheo
1428 2687 1556 2728 accipit
1570 2685 1659 2720 Poi-

962 2745 1011 2771 ta.
1058 2736 1218 2778 Cognata]
1242 2730 1332 2772 Quia
1348 2737 1502 2771 Bacchus
1515 2742 1552 2770 et
1566 2737 1656 2770 Pen-
