1820 3068
242 234 329 276 794

742 248 786 279 P.
816 247 1008 279 PAPlNli
1043 248 1212 280 STATlI

243 341 490 398 Conspicui
511 342 657 394 factis,
681 348 938 398 aeternaque
958 345 1164 398 gentibus
1185 346 1298 397 ausi,

245 410 488 462 Quaesistis
508 412 683 453 miserae
703 412 862 454 vulnus
884 414 1170 456 memorabile
1188 415 1349 468 matri;

244 478 336 521 Sed
354 483 537 521 mortem
556 480 809 531 obscuram,
827 481 1167 538 miserandaque
1185 483 1341 526 funera
1360 485 1500 538 passi.

243 546 351 589 Heu
370 550 564 602 quantus
583 546 700 589 furto
720 561 860 598 cruor,
882 551 928 590 et
947 549 1043 591 sine
1061 549 1192 591 laude
1203 550 1394 606 jacetis!

247 614 371 666 Quin
391 628 475 670 ego
495 628 583 658 non
604 615 788 658 dextras
808 616 981 658 miseris
1003 617 1314 671 complexibus
1333 617 1478 660 ausim

249 682 478 735 Dividere,
499 688 545 725 et
565 684 675 725 tanti
695 684 925 726 consortia
941 697 1144 740 rumpere
1164 684 1270 728 leti:

1625 618 1711 661 165

244 750 316 794 Ite
333 751 409 793 diu
428 751 602 803 fratres,
621 752 941 807 indiscretique
963 754 1183 808 supremis

244 819 447 874 Ignibus,
467 825 512 862 et
533 833 663 862 caros
684 833 792 862 urna
812 820 1074 863 confundite
1093 834 1259 864 manes.

247 888 347 932 Nec
367 890 513 931 minus
534 889 706 932 interea
720 888 896 942 digesta
915 893 1060 944 strage
1081 902 1260 933 suorum

245 1030 393 1072 aggressi
420 1041 488 1072 quae
514 1030 665 1063 celebrari
688 1031 819 1064 debeant
833 1041 853 1063 a
870 1031 1004 1073 populis,
1029 1031 1186 1073 quoeeiatis
1206 1033 1345 1073 plagam,
1360 1041 1452 1074 quam
1473 1032 1589 1073 infelix
1614 1036 1714 1065 mater·

243 1074 458 1115 praedicaret;
481 1084 586 1106 verum
601 1075 736 1114 ignobile
752 1076 859 1111 letum,
881 1079 913 1106 et
928 1076 1151 1115 deplorandam
1170 1085 1273 1108 necem
1291 1076 1483 1117 pertulistis.
1528 1075 1605 1108 Heu
1617 1086 1713 1116 quan-

246 1121 298 1150 tus
309 1117 441 1157 sanguis
455 1118 535 1149 clam
549 1117 679 1159 effusus,
693 1121 724 1150 el
738 1119 807 1150 eine
819 1118 922 1158 gloria
935 1117 1068 1158 peritis!
1113 1118 1178 1150 Sed
1191 1129 1252 1150 non
1264 1120 1412 1151 auderem
1424 1119 1573 1151 dirimere
1586 1118 1715 1150 brachia

246 1160 286 1192 ab
295 1160 474 1199 infelicibus
483 1161 689 1202 amplexibus,
699 1165 731 1193 et
745 1162 862 1193 soluere
877 1161 1056 1192 societatem
1071 1164 1170 1193 tantae
1183 1162 1306 1194 nwrtis.
1334 1161 1443 1194 Valete
1454 1162 1717 1204 semper-fratres,

245 1206 279 1235 ee
295 1203 426 1235 indivisi
451 1204 575 1236 ule-imis
595 1204 753 1245 flammis,
776 1208 808 1236 et
833 1204 868 1235 in
894 1213 973 1235 urna
992 1205 1179 1245 permiscere
1197 1205 1330 1237 dilectos
1350 1205 1484 1237 cineres.
1527 1205 1599 1237 Nec
1611 1204 1715 1236 minus
1735 1243 1739 1247 ι

861 1309 1063 1323 “Omm‘
1066 1310 1103 1322 Ν

251 1402 355 1429 treus.
374 1394 462 1428 Exc.
492 1395 639 1428 Cantab.
669 1394 814 1427 Amstel.
842 1394 994 1428 Gronov.
1019 1394 1141 1426 Barth.
1157 1394 1268 1427 Veeu.
1284 1397 1320 1426 et
1345 1394 1580 1436 Daph—168
1605 1395 1715 1438 Lang.
1761 1427 1775 1439 ,

246 1441 347 1472 Laur.
371 1439 525 1480 Lipsiun.
555 1438 688 1470 anlid.
714 1439 807 1470 Dan.
837 1439 998 1470 Petrens.
1022 1438 1108 1470 Exc.
1135 1438 1279 1470 cantab.
1305 1441 1341 1469 et
1366 1437 1590 1478 Gronoviani,
1611 1449 1716 1472 nume·

246 1484 407 1524 randaque
422 1483 540 1519 semera
553 1493 566 1520 ,·
590 1487 625 1514 et
652 1481 702 1513 sic
728 1481 832 1513 etiam
863 1481 1001 1522 legebat
1030 1481 1258 1512 Lactantius:
1282 1480 1421 1522 optimae
1449 1481 1586 1513 Barlhii
1610 1491 1715 1514 mem-

248 1526 365 1558 branae
381 1537 390 1558 ι
404 1526 525 1563 sumere
550 1525 797 1565 numerandaque
820 1524 906 1565 passi
918 1535 931 1562 ;
967 1523 1050 1555 Put.
1071 1524 1278 1564 miseramque
1295 1524 1415 1562 funera
1442 1525 1528 1564 passi
1537 1535 1555 1566 ,ἡ
1589 1524 1714 1557 Petav.

248 1575 395 1611 uterque
411 1569 535 1600 Belmt.
564 1569 681 1599 Burm.
710 1567 854 1599 Tuurin.
883 1567 1026 1598 Venett.
1050 1567 1150 1598 Rom.
1177 1565 1283 1598 Aldd.
1307 1566 1416 1598 Coliu.
1445 1567 1578 1608 Gryph.
1607 1567 1715 1600 Basu.

249 1613 363 1644 Plant.
379 1617 416 1644 et
439 1616 587 1644 recentt.
610 1611 845 1651 miserandaque
858 1609 989 1649 funera.
1033 1609 1203 1641 Gruterus
1227 1609 1470 1650 conjectabat:
1492 1611 1717 1651 mundaque

240 1655 380 1695 sunem,-
403 1655 456 1686 vir
471 1654 610 1696 quidam
626 1654 747 1685 doctus
763 1653 798 1684 in
817 1653 920 1686 Misc.
937 1652 1039 1685 obss.
1055 1652 1152 1684 Tem.
1167 1661 1193 1684 1.
1216 1661 1250 1693 p.
1267 1655 1344 1684 241.
1366 1653 1717 1693 mendaquesunera.

246 1701 355 1730 -164
379 1698 453 1729 Heu
480 1701 587 1729 tantus
616 1706 702 1728 uuus
726 1696 961 1728 Bellon—166
985 1696 994 1712 ‘
1010 1695 1050 1727 In
1063 1695 1300 1736 manuscripto
1314 1695 1444 1736 optimo
1458 1695 1578 1728 codice
1595 1696 1716 1728 vitiose

247 1741 371 1773 iterum
389 1740 513 1782 legitur
528 1740 602 1772 lecti
616 1751 628 1778 ;
646 1739 712 1782 etsi
727 1739 818 1770 enim
839 1738 884 1771 de
900 1738 1069 1770 communi
1085 1737 1186 1770 busto
1200 1742 1336 1779 poterat
1347 1738 1505 1778 intelligi,
1518 1747 1585 1770 non
1597 1739 1718 1770 viden·

247 1789 306 1816 tur
330 1784 491 1825 ambages
517 1784 551 1814 in
575 1783 676 1814 claris
700 1782 814 1814 verbis
836 1781 1046 1823 quaerendae.
1092 1780 1303 1820 Agnoscitur
1319 1785 1433 1813 tamen
1450 1781 1499 1812 ibi
1514 1785 1550 1813 et
1566 1781 1715 1823 vulgaris

248 1826 423 1869 scriptura
443 1827 519 1859 ‘vel
547 1826 639 1863 leti?
670 1835 747 1868 quae
778 1833 862 1857 sane
893 1834 974 1856 vera
1000 1822 1075 1856 est!
1111 1823 1336 1856 Barna—168
1359 1823 1441 1856 ΑΜ.
1458 1826 1489 1856 1.
1522 1823 1716 1863 cotffundite

911 1928 1057 1962 NOTAE

1012 2006 1060 2037 lio
1089 2004 1310 2038 concidistis!
1367 2003 1517 2046 Conjicit
1543 2004 1714 2037 Gruterus

1012 2057 1193 2098 legendum
1222 2057 1454 2097 mussandaque.
1508 2055 1647 2097 Quippe
1675 2061 1717 2088 ut

983 2141 989 2148 ,
1011 2108 1197 2140 violatores
1213 2107 1303 2148 juris
1320 2107 1471 2146 gentium
1496 2105 1577 2138 caesi
1603 2110 1714 2138 erant.

1011 2158 1079 2191 Sed
1116 2157 1288 2190 servanda
1324 2161 1378 2188 est
1415 2156 1564 2198 vulgaris
1598 2157 1716 2189 lectio.

255 2012 303 2043 Ne
318 2019 393 2042 vero
406 2009 473 2041 sine
496 2008 602 2040 studio
623 2011 653 2038 et
679 2007 747 2038 sine
767 2005 874 2046 gloria
886 2015 958 2046 per-

248 2072 329 2102 eam,
350 2062 404 2093 sed
417 2069 564 2099 magnum
573 2058 648 2099 quid
669 2057 866 2097 cumsecero,
877 2057 958 2097 quod

252 2115 300 2145 vel
315 2124 335 2144 a
349 2112 482 2153 posteris
497 2110 656 2142 audimur.
847 2131 850 2133 Α

293 2165 457 2196 Bellorum
471 2162 505 2194 in
532 2163 598 2192 luce
620 2159 760 2201 patenti]
799 2157 960 2197 Publice,

250 2216 395 2248 honesto
411 2213 568 2252 interitu,
593 2211 673 2253 quia
688 2214 791 2241 nocte
807 2207 957 2240 occubu-

253 2269 370 2306 erunt,
385 2273 449 2295 nec
464 2263 540 2293 luce
566 2266 773 2302 pugnantes,
799 2258 859 2290 ubi
891 2258 957 2289 vir-

252 2320 308 2348 tus
333 2313 504 2356 potuisset
532 2311 651 2343 videri.
694 2309 776 2342 Alia
802 2309 958 2351 querela,

255 2364 347 2408 quod
364 2363 501 2406 inglorii
517 2365 620 2395 nocte
637 2360 831 2403 perierunt.
875 2359 956 2391 Lac-

256 2416 391 2449 cantius.

295 2469 359 2500 162
382 2466 515 2497 Miserae
541 2462 737 2495 memorabile
760 2460 874 2502 matri]
920 2460 957 2492 Si

251 2518 342 2551 enim
359 2526 422 2559 pro
450 2515 563 2557 patria
585 2513 787 2555 pertimetis,
814 2512 959 2544 haberet

253 2572 378 2603 misera
405 2573 528 2604 mater,
547 2566 639 2608 quod
662 2565 882 2598 memorando
905 2573 957 2596 or·

253 2622 400 2655 bitatem
415 2629 510 2651 suam
527 2618 708 2651 solaretur.
936 2636 938 2639 -

298 2675 361 2705 163
388 2668 650 2710 Miserandaque]
673 2667 802 2700 Scribit
823 2666 959 2700 Grono-

250 2725 326 2757 vius
340 2723 600 2763 numerandaque.
629 2720 706 2752 Nec
721 2719 959 2761 legissealiler

255 2774 474 2808 metantium
490 2774 642 2804 constat.
669 2769 834 2811 Explicat
845 2768 933 2800 enirn
949 2778 957 2799 :

253 2827 263 2846 ‘
277 2826 346 2861 Qui
359 2826 450 2859 iuter
465 2829 676 2866 paueos,nec
689 2820 725 2853 in
737 2828 860 2862 magno
871 2828 960 2861 prae-

1014 2209 1102 2243 Quia
1116 2209 1180 2242 viri
1204 2208 1335 2240 strenui
1360 2207 1535 2249 fortesque
1562 2207 1597 2238 in
1619 2207 1715 2238 meli-

1012 2261 1064 2292 ori
1079 2260 1256 2292 occasione
1271 2258 1386 2300 perire
1401 2258 1614 2298 dehuel-anu
1636 2258 1716 2290 ideo
1778 2293 1783 2297 ,
1813 2248 1820 2286 ⁴.

1011 2311 1234 2344 miseratione
1249 2310 1356 2351 digni.
1515 2338 1519 2342 .

1056 2365 1119 2395 164
1143 2362 1244 2393 Furto
1259 2359 1368 2400 cruor]
1397 2359 1503 2394 Quasi
1529 2367 1631 2392 cruor
1657 2359 1715 2390 ille

1012 2412 1132 2454 gloriae
1163 2412 1361 2444 subtractus
1393 2415 1430 2443 et
1453 2414 1634 2452 surreptus
1663 2407 1715 2440 fn-

1012 2463 1106 2497 isset.

1057 2516 1121 2546 166
1146 2512 1256 2553 Tanti]
1277 2513 1360 2544 Tam
1378 2512 1438 2554 pii.

1059 2568 1120 2596 167
1143 2564 1213 2596 Diu
1227 2563 1366 2604 fratres]
1390 2561 1482 2596 Quia
1495 2571 1562 2595 uno
1577 2562 1715 2594 eodem·

1013 2625 1080 2658 que
1096 2619 1282 2654 momento,
1291 2617 1329 2646 et
1342 2612 1445 2645 simili
1458 2616 1570 2645 morte
1582 2613 1717 2645 extinc-

1013 2666 1041 2697 ti
1056 2669 1151 2706 sunt‚
1164 2664 1311 2696 eundem
1325 2672 1444 2704 rogum
1457 2662 1606 2695 babituri
1624 2668 1719 2703 sum,

1012 2716 1214 2757 cineresque
1229 2723 1347 2745 eorum
1371 2713 1406 2745 in
1428 2707 1550 2746 eadem
1566 2722 1652 2746 urna
1664 2721 1717 2746 re-

1014 2766 1194 2809 quiescere
1208 2763 1350 2798 debent.
