1820 3068
225 251 312 294 796
727 264 768 294 P.
801 263 993 295 PAmNu
1027 264 1190 296 STArn

228 357 438 400 Fatorum
462 372 567 413 gens
587 364 740 402 nostra
761 359 862 411 ruit,
884 360 1098 403 Sidonius
1118 374 1175 403 ex
1197 375 1289 417 quo

229 425 415 481 Hospes
437 428 484 469 in
501 426 674 469 Aonios
688 428 798 483 jecit
816 432 913 471 sata
933 428 1076 472 ferrea
1098 430 1248 472 sulcos
1266 444 1276 472 ε

228 493 359 535 Unde
381 496 486 536 novi
506 495 656 546 foetus,
674 499 716 537 et
736 495 972 537 formidata
989 496 1164 538 colonis

226 559 353 604 Arva
373 564 468 605 suis
487 578 496 606 :
530 565 609 606 sed
629 577 713 606 nec
735 564 899 606 veteris
921 578 1024 606 cum
1043 566 1163 620 regia
1186 565 1351 608 Cadmi

228 629 509 673 Fulmineum
530 634 574 674 in
596 633 786 674 cinerem
806 633 985 674 monitis
1008 633 1200 676 ‚Iunonis
1221 635 1388 690 iniquae

227 696 455 750 Consedit,
475 713 615 754 neque
636 701 819 742 funerea
839 714 940 742 cum
960 701 1096 744 laude
1119 704 1289 757 potitus

228 764 394 806 Infelix
415 765 632 809 Athamas
654 769 828 822 trepido
848 768 902 810 de
926 774 1072 812 monte
1090 772 1279 822 veniret,

227 833 539 876 Semianimem
560 836 649 877 heu
669 837 773 879 laeto
792 837 981 880 referens
1003 839 1197 881 clamore
1215 839 1459 882 Learchum
1479 853 1490 893 3

229 901 320 943 Hic
342 903 532 956 gemitus
551 905 743 948 Thebis:
772 919 857 948 nec
876 909 1074 961 tempore
1096 908 1258 950 clarius
1277 908 1354 950 illo

1608 337 1694 429 leo

225 1035 342 1063 vexata
356 1033 482 1073 cecidit,
498 1043 538 1065 ex
559 1044 618 1075 quo
635 1035 782 1067 Sidonius
804 1036 922 1068 advena
945 1038 1025 1069 sevit
1038 1037 1150 1076 ferreo
1171 1039 1287 1070 semina
1301 1038 1337 1070 in
1351 1039 1413 1070 solo
1429 1039 1595 1071 Thebuno:
1617 1041 1699 1072 unde

226 1075 288 1105 orti
304 1074 425 1107 insoliti
435 1080 558 1117 partus,
575 1081 606 1109 et
610 1079 729 1118 jugera
745 1079 882 1110 timenda
897 1080 962 1111 suis
977 1081 1160 1113 cultoribus.
1205 1081 1281 1122 Sed,
1295 1092 1365 1113 cum
1378 1083 1451 1113 nula
1463 1083 1563 1123 prisci
1583 1083 1700 1115 Cadmi

226 1121 334 1149 coacta
353 1118 423 1157 fuit
439 1120 580 1158 fulmine
602 1122 636 1152 in
660 1121 790 1162 eineres,
814 1122 954 1154 consitiis
975 1124 1101 1163 injustoe
1115 1124 1265 1162 Junom's,
1280 1127 1313 1155 et
1327 1135 1396 1156 cum
1416 1125 1512 1156 miser
1531 1125 1700 1166 Athamas,

216 1160 350 1199 funesta
363 1162 483 1202 potitus
506 1163 609 1203 laude,
630 1163 771 1203 festinus
794 1166 833 1196 de
859 1169 962 1197 monte
987 1167 1158 1207 descendit,
1183 1168 1242 1199 heu
1265 1173 1432 1209 reportans
1453 1168 1551 1200 hilari
1572 1169 1697 1200 ulukztu

225 1203 409 1236 semivivum
427 1206 608 1249 Learchum,
617 1208 692 1239 talis
705 1208 864 1250 planctus,
878 1209 978 1250 qualis
991 1219 1084 1248 nunc,
1103 1209 1216 1242 Thebis
1230 1220 1291 1243 non
1307 1211 1375 1250 suit
1389 1222 1400 1243 .-
1423 1221 1478 1243 που
1497 1211 1603 1254 Tyriae
1617 1213 1699 1244 ades

849 1309 888 1322 ‘O
892 1310 1009 1323 ‘um
1014 1311 1094 1324 ’δῆθ’

225 1381 333 1410 -180
357 1379 511 1410 Fatorum
523 1389 602 1420 gens
627 1384 734 1413 nostra
754 1380 826 1420 fuit
842 1381 953 1413 codex
972 1383 1333 1425 Rottendorpbianus;
1356 1385 1405 1417 ita
1429 1384 1533 1417 etiam
1555 1385 1702 1418 Taurin-

227 1426 263 1453 et
294 1422 517 1462 conjectabat
546 1423 705 1455 Jortinus
733 1429 869 1456 nostras
894 1425 927 1456 in
958 1426 1061 1458 Misc.
1085 1426 1309 1459 Obss.—182.
1333 1430 1394 1460 183
1427 1428 1524 1460 Idem
1542 1429 1699 1461 Jortinus

227 1465 346 1496 malit:
370 1468 401 1496 et
418 1466 596 1503 formidata
611 1467 715 1498 colono
741 1470 828 1498 Arva
857 1477 939 1505 suo;
962 1469 1017 1500 cui
1044 1470 1275 1502 emendationi
1289 1470 1383 1502 favet
1397 1471 1510 1512 glossa
1527 1472 1558 1502 in
1577 1471 1698 1504 codice

226 1508 417 1539 Burmanni
433 1518 442 1539 ε
466 1510 476 1526 ‘
491 1508 562 1549 Ipsi
579 1509 723 1549 Cadmo,
739 1511 796 1552 qui
815 1509 881 1542 fuit
895 1515 977 1542 tune
991 1512 1158 1544 colonus!
1202 1513 1269 1545 Sed
1288 1513 1366 1545 vide
1388 1513 1496 1545 Theb.
1514 1523 1563 1546 lv.
1577 1517 1700 1546 438.—

227 1554 291 1583 184
315 1550 469 1592 Optimae
482 1551 615 1583 Bar-{hii
632 1553 838 1585 membranae
852 1564 860 1584 :
886 1554 1006 1586 monitu
1020 1555 1169 1594 Junonis,
1186 1565 1262 1587 cum
1279 1557 1413 1596 glossa:
1437 1557 1600 1589 ‘Scilicet
1621 1567 1698 1589 cum

225 1594 318 1627 Juno
350 1594 480 1635 decipit
504 1595 796 1628 Semelen.’—IS5
831 1595 912 1627 Ald.
939 1600 967 1628 l.
994 1596 1115 1636 funera
1143 1609 1213 1630 cum
1241 1600 1451 1631 laudm—187
1474 1599 1701 1632 Semianimum

225 1647 312 1669 unus
327 1637 450 1670 Behot.
472 1638 533 1669 leto
549 1637 629 1671 Ald.
646 1641 788 1671 1.—188
814 1639 875 1670 Hie?
887 1640 1026 1679 gemitus
1039 1641 1177 1672 Taurin.
1199 1642 1249 1673 Hi
1261 1643 1400 1682 gemitus
1422 1642 1533 1676 codex
1551 1643 1700 1675 Rotten-

224 1680 446 1721 dorphianus,
462 1686 500 1712 ut
517 1681 607 1722 conj.
629 1681 809 1720 Jortinus;
833 1682 910 1721 hoc,
926 1682 984 1714 diu
1001 1689 1156 1716 notatum
1173 1685 1260 1724 aliis,
1282 1685 1500 1727 Peyraredns
1516 1686 1700 1727 explicuit,

227 1726 237 1741 ‘
253 1724 340 1755 tales
358 1724 531 1765 gemitus)
553 1724 620 1756 Hic
628 1725 756 1764 genitus
772 1726 873 1757 Laur.
891 1725 997 1766 Lang.
1015 1727 1164 1768 Lipsian.
1178 1728 1310 1761 Buslid.
1325 1728 1467 1761 Venett.
1483 1729 1580 1763 Rom.
1599 1729 1702 1764 Aldd.

228 1767 341 1798 Colin.
373 1767 508 1808 Gryph.
536 1767 645 1800 Basil.
675 1772 711 1799 et
741 1769 859 1801 Plant.
892 1768 960 1800 Hic
983 1770 1122 1808 gemitus
1136 1771 1296 1803 Petu-ens.
1312 1772 1431 1803 Burm.
1448 1772 1536 1804 Exc.
1553 1771 1702 1804 Cantab-

227 1810 318 1842 Dan.
335 1810 418 1842 Put.
434 1810 559 1843 Petav.
577 1820 694 1843 omnes
709 1811 903 1852 Bai-thiani,
921 1817 1064 1855 uterque
1088 1813 1213 1847 Behot.
1240 1814 1473 1856 Liudenbrog.
1498 1815 1602 1848 Cruc.
1629 1815 1700 1847 Ge-

887 1899 1030 1932 NOTAE

273 1968 335 1997 180
359 1963 508 1996 Sidonius
523 1963 660 2005 Hospes]
685 1963 834 1996 Cadmus
851 1974 869 1995 a
884 1964 935 1996 Si-

228 2016 316 2048 done
332 2015 420 2046 urbe
437 2015 623 2046 Phoeniciae
642 2015 793 2046 Sidonius
809 2014 937 2047 dictus.

271 2068 331 2098 181
356 2064 493 2106 Aonios]
516 2065 680 2097 Boeotios.
724 2066 805 2098 Sata
810 2065 936 2107 ferrea]

228 2117 361 2148 Dentes
384 2117 570 2157 serpentis,
601 2126 643 2148 ex
661 2116 783 2158 quibus
807 2116 938 2157 prodiit

228 2167 450 2200 Armatorum
468 2176 579 2208 seges.
614 2167 706 2199 Vide
720 2166 827 2200 Theb.
843 2177 869 2200 1.
885 2177 936 2200 vs.

228 2221 263 2251 7.
280 2224 316 2250 et
333 2221 366 2250 8.

272 2271 336 2300 182
361 2268 445 2300 Novi
471 2267 590 2308 foetus]
634 2268 769 2300 Milites
799 2267 937 2299 armati.

228 2319 318 2351 Vide
348 2318 490 2350 ibidem.
552 2318 676 2359 Foetus]
712 2319 859 2360 Proprie
875 2319 938 2358 soe-

228 2373 293 2409 tus,
309 2369 388 2411 quia
404 2368 507 2400 foetus
525 2373 627 2401 terrae
646 2373 766 2410 partus
783 2373 846 2401 est.
886 2370 936 2402 Ut

230 2421 395 2463 Virgilius
413 2421 544 2462 Georg.
560 2430 585 2452 ι.
610 2421 620 2438 ⁴
636 2421 693 2452 Sic
709 2430 845 2462 quoque
863 2431 936 2452 mu-

230 2474 311 2506 tatis
335 2472 552 2514 requiescent
578 2471 715 2504 foetibus
740 2472 845 2505 arva!
891 2474 938 2504 Et

221 2525 399 2566 formidata
414 2523 532 2555 colonis
546 2522 637 2555 Arva
650 2523 731 2564 suis]
754 2523 936 2555 Rationem

229 2575 376 2616 hujusce
405 2573 455 2605 rei
483 2573 584 2605 affert
610 2573 743 2605 Noster
758 2573 867 2605 Theb.
884 2583 935 2606 ιν.

229 2628 306 2658 439.
329 2630 366 2657 et
383 2624 621 2666 sequentibus.

275 2679 337 2708 183
351 2676 416 2708 Sed
431 2685 486 2706 nec
498 2674 615 2706 veteris
630 2683 699 2705 cum
714 2673 805 2714 regia
823 2674 937 2706 Cadmi

231 2727 264 2759 F
263 2726 430 2758 ulminenm
452 2725 487 2757 in
514 2725 648 2756 cinerem
661 2725 789 2757 monitis
801 2726 939 2758 Junom's

230 2779 346 2819 iniqua»
362 2776 525 2817 Consedit]
545 2776 672 2817 Tangit
699 2775 850 2808 fabulam
877 2778 936 2808 Se·

230 2830 349 2871 meles,
365 2828 595 2873 quae‘monitis
624 2826 759 2860 fallacis
779 2828 937 2869 sunonis,

993 1975 1071 2007 quae
1084 1969 1255 1997 sumserat
1267 1965 1397 1998 vultum
1413 1965 1621 2009 habitusque
1632 1969 1700 2002 Be-

992 2015 1069 2047 roe's
1083 2015 1155 2057 ejus
1172 2016 1330 2056 nutrIcis,
1347 2016 1437 2058 petit
1447 2026 1468 2048 a
1481 2017 1584 2059 Jove,
1602 2024 1641 2051 ut
1654 2020 1699 2052 ud

992 2075 1029 2097 se
1046 2066 1178 2098 veniret
1194 2076 1272 2098 cum
1289 2066 1412 2099 iisdem
1435 2067 1638 2109 insignibus,
1664 2069 1700 2102 id

993 2121 1059 2158 est,
1076 2117 1207 2149 tonitru
1222 2122 1260 2149 et
1275 2117 1431 2159 fulmine,
1446 2128 1487 2150 ac
1504 2119 1637 2152 solebat
1650 2121 1694 2153 ad

990 2166 1175 2200 Junonem.
1220 2168 1290 2200 Sed
1317 2168 1375 2199 vix
1389 2168 1532 2210 Jupiter
1549 2167 1700 2203 intrave-

992 2222 1045 2250 rat
1061 2218 1258 2250 cubiculum
1275 2219 1437 2257 Semeles,
1455 2229 1530 2250 cum
1547 2220 1621 2260 ipsa
1649 2225 1700 2252 to-

993 2273 1098 2310 taque
1115 2269 1210 2310 regia
1224 2268 1344 2300 Cadmi
1361 2267 1597 2309 conflagravit.
1624 2266 1700 2302 Fra·-

992 2319 1128 2350 mineum
1143 2319 1178 2350 in
1193 2318 1330 2350 cinerem
1347 2319 1513 2361 Consedit]
1536 2321 1701 2362 Virgilius

991 2369 1129 2402 AEneid.
1154 2378 1196 2401 ιι.
1231 2370 1242 2388 ⁸
1255 2369 1368 2401 Omne
1400 2369 1484 2401 mihi
1511 2368 1630 2403 visum'
1646 2376 1700 2404 est

991 2420 1172 2453 considere
1186 2421 1220 2451 in
1238 2420 1335 2462 ignes
1351 2419 1465 2453 Ilion!

1035 2475 1096 2503 185
1128 2472 1270 2504 Funerea
1292 2481 1362 2504 cum
1386 2472 1476 2503 laude
1489 2471 1625 2513 potitus]
1652 2471 1699 2504 A·

993 2523 1124 2554 thamus
1139 2522 1229 2554 enim
1246 2522 1279 2554 in
1290 2521 1407 2554 furore
1419 2521 1479 2553 suo
1495 2523 1626 2554 leonem
1644 2533 1701 2556 oe-

991 2573 1107 2606 cidere
1131 2572 1308 2612 credebat,
1332 2581 1412 2604 cum
1428 2572 1564 2613 sagittis
1589 2571 1698 2605 filium

991 2624 1181 2656 Learchum
1201 2621 1408 2664 configeret:
1442 2622 1594 2665 hincque
1629 2624 1700 2665 glo-

991 2675 1076 2706 riam
1093 2674 1256 2715 consequi
1269 2673 1441 2714 sperabat.

1037 2728 1099 2757 186
1125 2725 1260 2766 Trepido
1286 2726 1324 2756 de
1343 2724 1463 2766 monte]
1486 2724 1568 2766 Ipse
1593 2725 1702 2768 trepi-

993 2777 1067 2809 dus.
1112 2775 1202 2808 Vide
1224 2775 1330 2807 Theb.
1346 2784 1374 2808 ι.
1397 2778 1449 2807 18.
1498 2776 1549 2809 De
1578 2774 1699 2820 moute]

993 2827 1034 2860 Iu
1047 2836 1114 2870 quo
1127 2825 1234 2859 filium
1251 2825 1439 2858 occiderat·
