1820 3068
192 1867 195 1870 ’
237 1862 275 1895 in
313 1862 480 1894 divisione
519 1862 612 1894 orbis
650 1866 819 1894 terrarum
860 1862 954 1894 inter

254 247 340 290 820
752 260 794 290 P.
828 260 1020 292 ΡΑΡιΝιι
1054 260 1221 293 εΤΛτιι

254 355 364 398 Dux
386 368 482 410 prae
503 368 551 397 sc
573 354 817 409 Neptunus
838 357 945 411 agit,
965 370 1219 413 magnoque
1239 358 1444 402 volantes

254 424 407 478 Injicit
426 424 609 478 AEgaeo:
633 424 769 466 tristis
788 426 1033 468 comitatus
1054 428 1177 469 eunti

253 492 436 535 Circum
450 492 542 535 lora
557 492 761 543 fremunt,
779 494 1007 548 nimbique
1027 494 1304 551 hyemesque
1325 494 1581 550 profundae,
1640 496 1729 543 435

253 560 517 614 Nubilaque
535 565 581 602 et
597 560 728 602 vulso
750 566 964 603 terrarum
985 561 1168 604 sordida
1187 562 1324 605 fundo

251 629 540 682 Tempestas:
566 629 716 670 dubiae
736 630 870 671 motis
887 630 1117 672 radicibus
1140 631 1323 674 obstant

252 695 498 751 Cyclades:
530 697 634 751 ipsa
654 701 733 739 tua
754 697 970 753 Mycono,
987 698 1233 754 Gyaroque
1251 700 1424 753 revelli,

251 764 380 816 Dele,
401 765 549 816 times,
571 766 810 822 magnique
831 766 969 809 fidem
989 767 1167 811 testaris
1190 768 1369 811 alumni·-

250 890 301 918 tro
323 887 422 928 AEoli,
438 891 469 920 et
493 897 544 919 eos
563 888 744 930 proecipites
759 889 906 922 immittit
929 890 1092 932 intingens
1105 900 1192 923 mure
1205 891 1353 931 AEgoeum
1364 903 1376 924 .-
1397 891 1505 933 nubes,
1518 895 1550 924 et
1563 892 1726 934 profunda

247 934 459 971 tempestates,
480 935 511 962 et
526 932 649 971 nubila,
674 942 711 963 ac
732 933 869 973 procella
892 933 1034 974 squalida
1049 944 1178 967 excusso
1205 937 1364 966 terrorum
1383 934 1501 975 fundo,
1528 945 1598 976 quoe
1615 940 1726 968 moeste

247 973 369 1014 stipant
382 978 516 1014 euntem,
529 978 674 1015 strepunt
694 975 778 1006 circa
801 976 867 1014 ejus
881 986 1018 1009 currum.
1063 978 1199 1009 Incertae
1217 978 1369 1019 Cyclades
1390 979 1543 1010 resistunt
1566 980 1723 1011 concussis

241 1015 474 1055 fundamentis.
517 1017 603 1059 Ipsa,
621 1017 711 1055 Dete,
725 1019 839 1050 metuis
850 1029 889 1051 ne
902 1019 1098 1052 abscindaris
1112 1030 1131 1052 a
1147 1023 1202 1052 tua
1217 1021 1368 1063 Mycono,
1381 1024 1413 1054 et
1438 1021 1561 1063 Gyaro,
1574 1025 1605 1055 et
1618 1022 1725 1062 exigis

860 1113 880 1125 0

1067 1114 1107 1126 00

246 1179 397 1212 Amstel.
413 1179 567 1213 Gronov.
594 1181 718 1213 Barth.
733 1181 846 1213 Veen.
873 1185 910 1213 et
925 1181 1056 1223 Delph.
1077 1182 1345 1214 dianium—433
1370 1181 1460 1214 fflx
1469 1191 1585 1224 prese
1602 1183 1723 1225 Neptu·

245 1233 304 1254 nias
323 1223 394 1263 agit
419 1224 571 1256 correxit
600 1225 680 1258 Nic.
699 1223 877 1262 Heinsius,
893 1229 930 1256 et
946 1234 1008 1265 pro
1024 1226 1161 1257 volantes
1178 1235 1221 1257 ex
1237 1226 1377 1267 optimis
1395 1226 1497 1258 codd.
1515 1226 1600 1266 legit
1620 1229 1723 1259 volen-

245 1269 295 1298 tes
310 1276 322 1303 ‚·
345 1276 446 1307 quem
464 1267 541 1298 vide
558 1267 601 1299 ad
615 1267 721 1300 Ovid.
736 1268 826 1300 Met.
843 1276 884 1300 11.
905 1270 980 1301 128.
1003 1269 1141 1300 volentes
1156 1268 1285 1301 habent
1296 1277 1434 1311 quoque
1458 1269 1621 1301 Petrens.
1636 1270 1722 1302 Exc.

243 1309 390 1342 Cantab.
407 1314 442 1342 et
458 1310 650 1343 Pan-434
673 1310 886 1343 ‘Distinctio
908 1311 991 1342 laesa
1019 1311 1053 1342 in
1078 1311 1235 1343 omnibus
1258 1321 1336 1354 quae
1353 1312 1445 1353 apud
1474 1322 1534 1344 uos
1563 1317 1655 1349 sunt.
1682 1318 1719 1345 et

243 1352 459 1392 magnidicos
474 1354 579 1385 etiam
596 1358 814 1386 correctores
829 1354 1036 1391 habuerunt,
1053 1354 1275 1386 editionibus.
1308 1355 1431 1387 Scribe
1448 1366 1457 1387 :
1473 1355 1586 1394 Injicit
1596 1356 1723 1396 AEgoeo.

247 1395 366 1427 Tristis
381 1396 549 1428 comitatus
567 1397 675 1434 eunti‚·
699 1397 827 1429 Circum
851 1398 918 1428 lora
932 1397 1090 1436 fremunt,
1114 1397 1180 1437 &cf
1206 1398 1435 1430 Banu-436
1473 1398 1620 1431 ‘Placet
1645 1399 1720 1431 haec

242 1438 364 1478 lectio,
384 1441 432 1479 (et
447 1439 560 1481 vulso,)
576 1449 688 1481 neque
705 1439 917 1472 admittimus
942 1441 1155 1482 corrigentes
1172 1441 1277 1472 libros
1299 1441 1403 1472 evulso
1418 1451 1431 1478 ‚·
1451 1440 1536 1473 licet
1560 1441 1611 1473 sie
1637 1446 1720 1475 ante

243 1482 373 1524 aliquot
397 1482 471 1524 jam
498 1482 629 1515 saecula
652 1482 815 1515 citaverit
840 1483 944 1515 etiam
959 1483 1111 1516 Joannes
1127 1483 1311 1516 Boccatius
1326 1483 1370 1516 de
1386 1483 1523 1516 Genial.
1539 1484 1646 1517 Deor.
1661 1485 1720 1518 lib.

243 1533 279 1556 x.
307 1534 385 1566 cap.
408 1524 451 1558 1.’
474 1526 703 1558 Barth—438
726 1526 863 1568 Mycone
887 1526 980 1558 Dan.
997 1526 1079 1558 Put.
1094 1526 1219 1559 Petav.
1242 1528 1351 1568 Laug.
1366 1527 1472 1559 Lam.
1486 1526 1620 1559 Buslid.
1638 1527 1719 1568 Lip-

242 1569 328 1600 sian.
345 1578 463 1600 omnes
479 1569 675 1609 Barthiani‚
690 1569 834 1601 Venett.
858 1569 957 1600 Rom.
974 1568 1082 1601 Aldd.
1098 1569 1208 1602 Colin.
1231 1569 1365 1611 Gryph.
1383 1569 1487 1602 Basil.
1503 1569 1620 1602 Plant.
1641 1569 1720 1603 Lin-

242 1611 409 1653 deubrog.
427 1612 529 1644 Cruc.
546 1613 689 1644 Gevart.
705 1618 741 1644 et
756 1612 916 1644 Grasser.
933 1613 1069 1654 Mycono
1078 1617 1225 1655 uterque
1241 1613 1366 1645 Behot.
1382 1612 1484 1645 codd.
1499 1613 1720 1655 manuscripti

242 1653 395 1687 Gronov.
413 1655 571 1687 Petu-ens.
587 1655 726 1688 Taurin.
754 1656 840 1688 Exc.
867 1655 1014 1688 Cautab.
1043 1660 1078 1687 et
1105 1656 1292 1688 veterrima
1320 1655 1452 1688 Heinsii
1482 1657 1719 1698 exemplat-1³5

908 1747 1051 1780 NOTAE

282 1814 346 1844 433
371 1811 554 1853 Neptunus]
586 1810 727 1844 Saturni
757 1810 861 1852 filius,
893 1811 950 1843 cui
1007 1811 1118 1844 bene:
1143 1821 1220 1843 nam
1238 1811 1373 1844 Graecis
1391 1809 1544 1844 Μύκονσς.
1586 1811 1718 1845 Noster

1008 1861 1196 1895 Achilleid.
1211 1871 1237 1895 1.
1261 1864 1271 1880 ‘
1285 1861 1456 1902 Cyclades
1479 1862 1559 1894 hinc
1574 1865 1717 1904 spi-eus,

241 1914 380 1952 Jovem‚
396 1914 612 1954 Neptunum,
627 1918 663 1945 et
677 1913 876 1952 Plutonem,
891 1913 953 1945 Sa·
1008 1913 1176 1956 Myconos
1202 1913 1408 1954 humilisque
1431 1912 1622 1954 Seriphos!
1645 1914 1717 1951 Pu,-

237 1964 332 1996 turni
346 1962 564 2004 filios‚·facta,
574 1965 679 1996 maris
690 1964 869 2005 imperium
882 1973 954 1996 sor-

240 2016 308 2048 tito
329 2015 467 2058 obtigit.
516 2014 681 2056 Volantes]
703 2014 775 2047 Alii
797 2014 951 2056 codice82

238 2066 388 2098 volentes.

278 2120 344 2150 434
369 2117 499 2159 AEgaeo]
524 2118 668 2159 Supple,
683 2116 782 2150 mari.
819 2115 951 2157 Tristis]

243 2168 302 2201 Ob
321 2167 506 2210 'naufragia
533 2178 610 2210 quae
639 2167 721 2200 inde
745 2172 948 2210 sequuntur.

237 2219 356 2260 Ennii]
376 2219 541 2259 Neptuno
554 2218 785 2259 subintellige.
915 2214 918 2215 ⁷

278 2271 344 2301 436
366 2268 519 2311 Sordida]
547 2269 603 2302 Ob
626 2270 735 2302 lutum
751 2268 830 2301 hinc
845 2267 941 2300 evul-

234 2329 323 2351 sum.

277 2374 343 2404 438
369 2371 535 2414 Cyclades]
559 2371 687 2404 Insulae
712 2371 816 2403 maris
833 2370 943 2412 AEgaei

235 2425 270 2456 in
292 2423 413 2455 orbem
437 2423 530 2455 circa
545 2423 675 2454 Delum
692 2422 784 2463 sitae,
800 2421 891 2453 unde
907 2425 944 2453 et

232 2484 358 2507 nomen
386 2478 612 2515 acceperunt.
657 2472 807 2507 Quidam
824 2472 944 2504 dicunt

234 2525 350 2557 vocari
367 2524 550 2566 Cycladas,
573 2533 641 2556 non
657 2523 749 2566 quod
770 2524 803 2555 in
825 2523 944 2555 orbem

233 2576 311 2607 sitas
349 2575 434 2615 sint,
469 2574 531 2607 sed
562 2574 656 2617 quod
685 2575 787 2616 longo
823 2572 945 2606 ordine

234 2630 397 2668 oporteat
425 2635 484 2658 eas
519 2626 668 2658 circuire
699 2628 843 2666 propter
867 2633 945 2665 pro-

233 2676 418 2710 montoria.
463 2677 552 2709 Sunt
565 2680 679 2708 autem
693 2684 835 2707 numero
850 2674 946 2716 quin·

234 2729 403 2768 quaginta
438 2732 520 2761 tres.
576 2727 739 2760 Castaldo
776 2729 945 2758 vocantur

233 2777 316 2809 leole
340 2779 393 2809 del·
416 2778 638 2820 Archipelago.
683 2776 838 2820 Mycono]
866 2777 944 2818 My·

234 2837 338 2860 conos
373 2837 438 2861 una
474 2839 493 2860 e
527 2828 748 2871 Cycladibus.
807 2828 943 2870 Mycono

1009 1963 1067 1995 nio
1094 1963 1213 2001 etiam,
1239 1963 1406 1995 Petronio
1433 1963 1468 1994 in
1498 1962 1718 2007 fragmentis,

1010 2014 1200 2055 Stephano,
1216 2013 1393 2053 Straboni,
1416 2022 1457 2045 ac
1477 2014 1605 2045 ceteris
1621 2013 1714 2047 Geo-

1007 2065 1145 2106 graphis
1175 2062 1388 2106 ‘Myconos'
1416 2063 1552 2095 dieitur.
1606 2064 1713 2106 Apud

1006 2115 1189 2157 Virgilium
1213 2119 1330 2147 tamen
1353 2113 1502 2147 AEnan.
1521 2118 1560 2147 et
1585 2113 1714 2147 Ovidio

1005 2166 1096 2199 Met.
1126 2175 1194 2198 vu.
1231 2163 1428 2207 ‘Mycone'
1456 2169 1614 2207 vocatur,
1647 2165 1714 2198 nisi

1005 2217 1015 2235 ‘
1029 2217 1199 2258 Myconos
1212 2216 1222 2232 '
1240 2216 1376 2258 utrique
1391 2215 1624 2248 restituenda.
1642 2216 1715 2258 Gy·

1002 2267 1073 2308 oro]
1097 2267 1231 2309 Gyaros
1247 2266 1354 2299 etiam
1371 2275 1439 2298 una
1454 2275 1474 2297 e
1488 2265 1712 2309 Cycladibus.

1002 2317 1140 2354 Receui.
1170 2317 1263 2359 Dele,
1289 2317 1398 2359 times]
1435 2316 1534 2349 Bene
1569 2316 1679 2349 revelli
1696 2329 1710 2351 .-

998 2368 1125 2410 Apollo
1141 2368 1231 2400 enim
1246 2369 1374 2400 Delum
1394 2366 1523 2399 dicitur
1545 2368 1710 2409 alligasse

998 2419 1040 2451 iis
1064 2419 1198 2460 insulis,
1221 2429 1299 2451 cum
1325 2418 1420 2461 prius
1447 2416 1649 2460 fluctuaret,
1670 2422 1708 2451 et

997 2471 1157 2503 stabilem
1178 2471 1382 2505 reddidisse.
1425 2470 1484 2502 De
1508 2471 1601 2506 Delo
1629 2469 1709 2503 vide

998 2522 1107 2554 Theb.
1123 2531 1150 2555 1.
1164 2525 1241 2555 702.

1041 2575 1107 2604 439
1129 2573 1305 2614 Magnique
1316 2572 1421 2616 fidem
1434 2571 1562 2604 testatis
1574 2572 1710 2614 alumni]

1000 2623 1078 2657 Qua
1106 2625 1310 2664 promiserat
1330 2623 1457 2666 Apollo
1479 2627 1515 2655 te
1544 2623 1705 2656 stabilem

999 2679 1036 2707 et
1050 2675 1225 2706 immotam
1247 2673 1338 2714 fore,
1353 2684 1431 2706 cum
1448 2673 1543 2714 prius
1559 2683 1706 2715 errares,

999 2730 1034 2758 et
1047 2725 1246 2766 fluctuares,
1260 2726 1377 2766 utjam
1389 2724 1549 2757 diximus.
1593 2725 1708 2758 Alum-

998 2776 1049 2817 πὶ]
1077 2776 1262 2818 Apollinis,
1288 2776 1347 2819 qui
1371 2776 1406 2808 in
1431 2774 1521 2810 Delo
1546 2781 1646 2809 natus
1670 2781 1707 2809 et

997 2828 1166 2862 educatus
1180 2832 1247 2860 est.

1808 2206 1814 2213 ·
1807 2163 1816 2173 r
1802 1902 1820 2149 &ffl·‘1*ffl=ae.·
1806 1762 1820 1882 nra.-.
1806 1738 1817 1748 ἰ
1808 1712 1820 1726 v(
1815 1688 1820 1699 .-
1810 1647 1820 1668 —„
1810 1595 1820 1635 aa.»
1811 1523 1820 1583 ..1:.,
