1820 3068
197 220 286 264 852
693 233 735 262 P.
771 231 967 262 ΡΛΡιΝιι
1002 231 1169 263 srA'rn

198 327 229 370 J
234 340 324 370 uno
345 315 509 378 facem,
529 339 703 382 semper
717 327 927 382 lacrymis
950 328 1206 384 gemituque
1227 330 1479 385 propinquo

202 396 449 443 Exturbata
469 395 626 450 quies:
656 409 743 438 non
760 397 800 439 si
819 397 926 438 mihi
946 397 1116 450 tigridis
1135 397 1303 450 horror,

201 464 531 519 AEquoreaeque
553 477 690 519 super
708 465 882 518 rigeant
903 465 1159 519 praecordia
1180 471 1352 518 cautes,

203 531 335 573 Ferre
352 544 540 585 queam:
572 537 622 575 tu
644 533 767 573 solus
789 545 934 586 opem,
956 536 1005 574 tu
1026 545 1200 575 summa
1220 534 1422 577 medendi

202 598 230 641 J
236 612 316 640 ura
333 603 485 641 tenes:
515 598 574 641 da
593 599 729 651 bella,
751 604 896 654 pater,
918 599 1153 654 generique
1168 599 1361 654 jacentis

204 665 375 721 Aspice
391 680 463 708 res
484 667 693 719 humiles,
713 672 847 722 atque
867 667 1000 718 hanc,
1020 671 1160 722 pater,
1182 669 1337 723 aspice
1357 670 1529 724 prolem

209 733 401 778 Exulis:
431 734 538 777 huic
560 735 669 777 olim
689 736 863 789 generis
883 735 1040 790 pudor,
1061 736 1196 778 obvia
1213 737 1359 791 prima

1588 535 1675 578 695

200 843 357 876 concussit
371 843 596 885 inauspicatam
611 844 736 884 tendam,
750 849 782 877 et
798 854 918 886 semper
932 854 1054 877 somnus
1067 845 1265 888 interruptus
1280 846 1467 889 estfietibus
1481 847 1567 879 illius
1576 856 1674 890 prope

203 897 251 919 me
263 887 418 919 cubantis.
465 887 539 919 Non
553 897 673 924 possem
686 888 769 929 pati,
791 888 919 920 etiamsi
943 888 1024 920 mihi
1038 888 1159 927 feritas
1171 893 1248 920 esset
1266 888 1408 930 tigridis,
1430 893 1486 922 out
1502 900 1555 921 cor
1567 891 1676 921 durius

203 930 337 961 marinis
349 929 491 971 scopulis.
539 931 587 962 Tu
600 932 684 962 solus
698 931 854 963 auxilium
867 931 944 963 dare
952 934 1054 972 potes,
1075 934 1112 962 tu
1125 933 1208 963 solus
1222 932 1314 964 habea
1325 943 1476 965 summum
1488 936 1676 975 potestatem

202 972 348 1005 curandi.
397 973 534 1004 Concede
551 973 660 1004 bellum
681 978 785 1015 pater,
808 978 838 1005 et
855 974 1019 1006 considera
1033 973 1186 1013 abiectum
1200 978 1319 1006 statum
1335 975 1475 1014 jacentis
1496 975 1620 1016 generi,
1643 979 1674 1007 et

208 1024 300 1047 cerne
314 1016 393 1048 hanc
406 1015 544 1047 extem-is
565 1016 709 1049 sobolem.
756 1016 844 1049 Huic
869 1017 1023 1057 quondam
1043 1017 1135 1057 origo
1157 1018 1301 1050 dedecori
1325 1019 1398 1051 erit.
1445 1019 1475 1050 0
1498 1019 1551 1050 ubi
1569 1020 1677 1060 prima

815 1102 1033 1116 onenmaeo
1036 1102 1056 1116 O

204 1165 263 1197 que
278 1155 390 1195 infesta
404 1155 689 1190 sinistram—692
711 1157 794 1190 Put.
812 1158 939 1191 Petav.
957 1159 1066 1200 Lang.
1082 1158 1184 1191 Laur.
1208 1158 1342 1191 Buslid.
1359 1158 1511 1201 Lipsian.
1528 1159 1674 1192 Venett.

206 1199 307 1230 Rom.
321 1198 426 1231 Aldd.
442 1199 553 1232 Colin.
569 1199 705 1242 Gryph.
724 1201 830 1234 Basil.
847 1201 963 1234 Plant.
981 1201 1211 1242 Lindenbrog.
1230 1203 1333 1235 Cruc.
1349 1200 1494 1234 Gevart.
1508 1201 1667 1235 orasset.

204 1247 240 1272 et
257 1241 401 1274 Amstel.
421 1243 602 1284 gemituque
611 1244 766 1284 profundo
774 1255 787 1282 ;
812 1245 901 1277 Dan.
926 1251 1072 1287 uterque
1097 1245 1222 1277 Behot.
1250 1246 1413 1278 Petrens.
1428 1245 1566 1290 Taurin.
1586 1245 1674 1278 Exc.

205 1284 352 1334 Caritab.
379 1286 539 1317 meliores
556 1290 593 1318 et
620 1287 705 1318 satis
730 1287 829 1319 multi
856 1287 1081 1328 Gronoviani,
1109 1298 1186 1320 cum
1213 1288 1291 1320 edd.
1322 1292 1466 1321 recentt.
1493 1286 1676 1330 gemituque

202 1330 751 1414 '1’2‘33523513213‘33’21fflzz'3333352
757 1336 926 1406 ’ὅῖἵηὲἳῖ
931 1331 1132 1415 ἰὲεῗεὲ-Ξᾶἑὲ
1137 1331 1503 1408 *affixae-&33
1512 1331 1674 1407 ῗῡίἒῗὲἓί

871 1461 1015 1494 NOTAE

207 1523 272 1556 bus
288 1532 409 1555 soccos
424 1523 534 1555 luteos
547 1523 679 1557 habens
693 1524 784 1566 apud
796 1524 913 1558 Catul-

203 1575 275 1606 lnm
289 1574 327 1605 in
342 1573 493 1615 Epithal.
506 1574 607 1608 Juliae
623 1579 660 1607 et
672 1574 806 1607 Manlii.
827 1575 915 1607 Sunt

205 1626 263 1668 qui
280 1626 399 1657 dicant
413 1625 637 1668 Hymenaeum
650 1631 765 1658 certas
774 1626 912 1667 nuptias

203 1675 412 1709 instituisse:
437 1677 495 1708 alii
509 1675 612 1708 fuisse
622 1677 788 1718 juvenem
803 1676 911 1708 Athe-

204 1727 372 1766 niensem,
395 1727 464 1769 qui,
490 1726 577 1759 filias
607 1727 869 1759 Atheniensium
892 1737 913 1759 a

205 1777 428 1820 praedonibus
458 1782 575 1818 raptas
604 1777 776 1819 liberavit,
805 1788 846 1810 ac
876 1779 912 1810 in

188 1828 352 1869 'patriam
383 1827 525 1860 reduxit
542 1838 553 1860 ι
576 1838 677 1870 quam
703 1828 748 1860 ob
776 1838 912 1860 cansam

206 1878 380 1911 nubentes
413 1878 486 1920 ejus
523 1888 647 1911 nomen
692 1879 912 1921 invocabant,

204 1932 366 1970 tanquam
381 1928 577 1961 liberatoris
588 1929 808 1971 virginitatis.
820 1931 912 1963 Hinc

204 1980 310 2012 etiam
323 1979 503 2011 Thalassio
525 1979 618 2020 apud
637 1981 804 2012 Romanos
817 1981 912 2012 invo-

205 2029 350 2062 cabatur
366 2039 378 2062 ε
399 2038 478 2061 cum
494 2029 583 2061 enim
598 2030 633 2061 in
650 2035 753 2071 raptu
768 2030 912 2061 Sabina-

205 2089 281 2112 rum
307 2079 464 2121 plebeius
498 2079 637 2122 quidam
671 2080 913 2113 nobilissimam

205 2139 247 2163 ac
265 2130 529 2172 pulcherrimam
547 2132 696 2172 puellam
712 2131 915 2173 abduceret,

203 2180 439 2213 Thalassionie
462 2190 537 2213 eam
568 2180 664 2213 ducis
691 2182 815 2214 nobilis
840 2192 914 2214 esse

205 2229 319 2272 finxit,
334 2241 377 2262 ne
393 2231 457 2264 sibi
472 2231 666 2263 auferretur
681 2231 726 2264 ab
742 2232 841 2272 aliiu;
855 2242 914 2264 cu·

198 2281 259 2324 jus
284 2282 421 2314 nomine
449 2285 527 2314 tuta
555 2281 623 2314 fuit
653 2282 781 2324 puelloe
811 2282 914 2325 virgi-

206 2331 311 2364 nitas.

248 2384 314 2414 692
345 2382 449 2424 Juao]
479 2382 572 2415 Juno
608 2382 711 2423 enim,
738 2386 779 2415 ut
809 2392 914 2424 supra

206 2431 366 2472 diximus,
381 2431 510 2473 nuptiis
526 2432 750 2473 praesidebat.
783 2433 912 2475 Facem]

206 2482 314 2515 Faces
328 2482 433 2515 etiam
456 2487 538 2515 ante
561 2482 730 2515 nubentes
755 2482 913 2515 fereban-

207 2536 278 2573 tur,
303 2537 343 2566 ut
369 2533 520 2565 diximus
542 2542 658 2574 supra.
695 2533 786 2566 Vide
802 2538 839 2566 et
854 2534 911 2566 lib.

207 2583 359 2626 praeced.
385 2593 433 2614 vs.
448 2586 527 2615 259.
571 2583 769 2625 Propinquo]
791 2584 831 2616 Id
848 2588 913 2623 est,

205 2634 323 2667 mariti
340 2634 448 2676 juxta
462 2643 515 2666 me
530 2633 703 2666 cubantis.
744 2634 911 2669 Quaedam

205 2684 398 2717 editiones:
421 2685 586 2725 profundo.

240 2737 304 2768 693
322 2735 394 2767 Non
405 2735 434 2767 si
443 2735 520 2766 mihi
531 2734 672 2776 tigridis,
681 2733 752 2776 qt]
770 2734 822 2766 Ex
833 2734 912 2767 Vir-

205 2785 289 2829 gilio
299 2784 539 2818 adumbratum
552 2785 610 2818 lib.
626 2794 680 2818 ιν.
712 2785 808 2818 Dido
820 2786 912 2818 enim

968 1529 1008 1556 ut
1032 1524 1149 1558 AEneae
1179 1524 1408 1566 exprobraret
1443 1523 1558 1558 cordis
1582 1523 1674 1558 dnri-

968 1576 1064 1614 tiam‚
1081 1577 1153 1608 ait:
1174 1578 1184 1595 ‘
1197 1575 1265 1609 Sed
1281 1576 1374 1609 duris
1402 1576 1522 1618 genuit
1542 1580 1579 1609 te
1594 1585 1674 1609 cau·

969 1626 1059 1658 tibus
1075 1627 1218 1659 horrens
1234 1625 1430 1659 Caucasus?

1009 1680 1074 1709 696
1112 1678 1289 1719 Generique
1308 1676 1465 1718 Jacentie]
1499 1676 1674 1718 Potiorcs,

967 1728 1016 1759 ait
1041 1727 1248 1764 Gronovius,
1273 1727 1414 1767 habent,
1438 1727 1583 1759 tacentia.
1628 1727 1675 1759 Et

967 1777 1234 1818 interpretatur,
1247 1778 1354 1810 etiam
1373 1787 1443 1810 non
1460 1782 1496 1810 te
1511 1777 1674 1819 interpel-

966 1828 1082 1868 lantis,
1096 1833 1157 1860 aut
1181 1837 1222 1860 eo
1247 1828 1445 1867 miseritum,
1459 1827 1551 1870 quod
1566 1837 1611 1860 ne
1625 1828 1675 1860 Ιο-

968 1878 1026 1920 qui
1043 1878 1182 1919 quidem
1204 1888 1276 1910 rem
1291 1887 1389 1910 suam
1404 1877 1521 1911 auden
1566 1878 1615 1910 Ut
1629 1877 1673 1910 de

966 1928 1136 1970 Sequanis
1161 1929 1299 1961 Caesar:
1330 1929 1481 1961 ‘Eorum
1507 1929 1574 1961 hoc
1600 1938 1673 1962 esse

966 1979 1176 2012 miseriorem
1211 1979 1472 2021 gravioremque
1500 1978 1673 2012 fortunam

967 2039 1070 2072 quam
1092 2030 1311 2071 reliquorum.
1343 2028 1435 2070 quod
1460 2028 1524 2061 soli
1545 2037 1611 2061 nec
1637 2029 1674 2061 in

967 2079 1105 2111 occulto
1130 2078 1268 2121 quidem
1293 2078 1403 2120 queri,
1424 2087 1489 2111 nec
1508 2078 1672 2112 auxilinm

968 2128 1154 2170 implorare
1167 2129 1358 2162 auderent!
1404 2129 1483 2162 Non
1493 2129 1599 2162 debes
1614 2139 1672 2162 ex-

969 2184 1127 2222 pectare,
1153 2179 1265 2212 donec
1286 2180 1343 2211 ille
1365 2184 1400 2211 te
1415 2180 1593 2221 appellet:
1617 2189 1672 2212 res

968 2230 1073 2272 ipsius
1089 2230 1232 2262 humiles
1256 2234 1293 2262 et
1318 2230 1470 2271 exilium,
1494 2235 1532 2264 et
1549 2231 1674 2273 injuria.

969 2281 1055 2312 satis
1075 2289 1137 2321 pro
1152 2285 1292 2314 tacente
1308 2281 1507 2323 loquuntur.
1549 2282 1620 2315 Sed
1633 2282 1672 2315 τὸ

959 2331 1098 2370 jacentis
1112 2331 1280 2373 optimum
1293 2335 1371 2364 est:
1387 2331 1567 2369 confirmat
1581 2333 1672 2367 enim

967 2381 1077 2424 magia
1090 2380 1128 2413 τὸ
1143 2391 1193 2414 res
1208 2381 1341 2413 humiles
1355 2390 1472 2415 verens
1483 2384 1672 2426 sequentis.

968 2432 1055 2465 Cum
1082 2431 1190 2474 Argia
1218 2432 1364 2464 maxime
1393 2431 1512 2474 cupiat
1534 2442 1673 2466 movere

967 2487 1114 2525 patrem,
1126 2483 1169 2515 ad
1181 2483 1296 2515 danda
1311 2492 1439 2525 genero
1454 2483 1595 2524 auxilia,
1609 2484 1672 2516 mi·

966 2543 1081 2566 serum
1095 2534 1171 2576 ejus
1186 2539 1314 2566 statum
1326 2534 1494 2575 oratione,
1506 2539 1672 2576 quantum

967 2589 1097 2626 potest,
1110 2588 1303 2626 exaggerat
1319 2594 1330 2623 ς
1352 2593 1417 2616 nec
1437 2588 1603 2617 contenta
1618 2588 1675 2616 est

967 2636 1084 2668 dicere
1108 2646 1160 2668 res
1184 2636 1336 2668 hutniles:
1372 2635 1471 2668 addit
1499 2640 1538 2667 et
1561 2637 1673 2675 generi

956 2684 1109 2725 jacentis,
1124 2684 1158 2717 id
1175 2693 1244 2726 est,
1260 2685 1372 2727 egeni,
1384 2685 1556 2727 pauperia,
1569 2686 1672 2718 rebus

967 2735 1126 2768 omnibus
1155 2735 1331 2776 destituti,
1359 2738 1399 2767 nt
1429 2735 1539 2776 patris
1558 2736 1672 2768 animo

966 2786 1075 2827 magis
1092 2785 1256 2827 inculcet,
1269 2794 1346 2818 enm
1361 2785 1491 2818 auxilio
1503 2785 1672 2827 indigere.
