1820 3068
245 214 333 257 912

746 225 787 254 P.
822 224 1013 256 PAPlNll
1046 224 1212 256 STA'ril

248 320 503 375 Exceptum
521 319 686 375 pateris
706 319 915 374 praelibat
935 320 1211 374 sanguinem,
1230 322 1275 363 et
1300 328 1450 363 omnes

247 388 335 430 Ter
354 388 521 429 circum
543 390 645 427 acta
660 399 810 441 pyras,
831 388 975 430 sancti
996 388 1052 430 de
1067 400 1187 430 more
1206 389 1421 443 parentis,

250 456 509 498 Semineces
530 454 666 496 fibras
688 459 734 496 et
754 455 899 497 adhuc
921 456 1139 510 spirantia
1159 455 1299 499 reddit

248 523 465 565 Viscera:
496 536 578 565 nec
597 522 780 577 rapidas
802 528 1037 565 cunctatur
1056 524 1282 566 frondibus
1301 526 1409 566 atris

250 591 508 646 Subjectare
526 591 653 633 faces
670 604 682 633 :
714 596 849 645 atque
869 592 969 645 ipse
989 592 1197 633 sonantia
1210 581 1407 633 ¹flammis

249 658 457 712 Virgulta
476 661 522 700 et
541 658 692 700 tristes
711 658 941 712 crepuisse
964 661 1012 699 ut
1033 659 1177 700 sensit
1196 671 1382 702 acervos

249 726 449 768 Tiresias
469 725 554 778 (illi
570 739 674 767 nam
694 726 910 780 plurimus
931 726 1058 768 ardor
1076 726 1253 769 anhelat

1622 725 1709 767 470

250 793 369 836 Ante
390 807 541 848 genas,
560 793 807 848 impletque
825 806 962 835 cavos
982 806 1121 848 vapor
1137 794 1296 847 igneus
1314 794 1468 845 orites)

251 863 518 905 Exclamat:
546 860 787 918 (tremuere
804 861 915 916 rogi,
938 866 983 903 et
1002 875 1095 904 vox
1110 862 1284 917 impulit
1302 861 1444 916 ignem
1457 859 1492 915 z)

249 929 472 973 Tartareae
489 929 633 981 sedes,
650 934 696 971 et
714 927 996 971 formidabile
1013 942 1196 983 regnum

251 997 418 1039 Mortis
437 997 690 1052 inexpletae,
710 999 858 1051 tuque,
875 1009 902 1038 o
922 997 1166 1040 saevissime
1181 996 1380 1047 fratrum,

242 1139 358 1179 fundit
373 1140 491 1181 αῖίφιίἀ
505 1140 637 1180 cruoris,
655 1140 830 1182 excipitque
850 1140 984 1183 pateris,
1000 1144 1032 1173 et
1053 1141 1191 1173 lustrans
1209 1143 1259 1173 ter
1272 1150 1375 1173 omnes
1387 1150 1479 1180 rogos
1493 1151 1534 1174 ea:
1547 1139 1613 1173 ritu
1624 1150 1714 1173 oene-

252 1182 345 1214 randt'
357 1184 472 1224 patris,
492 1184 651 1215 renuntiat
666 1184 696 1215 ei
710 1184 874 1216 semivivas
877 1184 994 1227 fibras,
1017 1185 1120 1225 quales
1133 1187 1238 1224 erant,
1257 1187 1288 1216 et
1310 1187 1386 1216 exta
1398 1184 1497 1215 adhuc
1509 1183 1714 1225 palpitantia,

254 1225 325 1257 Nec
339 1228 446 1258 tardat
459 1235 632 1267 supponere
646 1228 746 1258 toedas
758 1236 884 1259 voraces
903 1227 1007 1266 nigris
1031 1227 1140 1259 ramis.
1185 1227 1232 1258 Et
1255 1226 1322 1268 ipse
1339 1226 1486 1265 ssresias,
1509 1230 1544 1258 ut
1558 1226 1647 1258 audit
1660 1236 1714 1257 ra-

252 1277 319 1300 mos
343 1268 534 1309 crepitantes
556 1270 590 1300 ‘in
615 1269 701 1309 igne,
722 1272 752 1301 et
769 1273 892 1301 moestas
914 1279 1010 1311 pyras
1033 1272 1190 1309 sonantes,
1204 1268 1348 1311 (munus,
1360 1269 1445 1302 enim
1463 1270 1549 1301 calor
1561 1269 1612 1301 ini
1624 1268 1714 1310 afflat

250 1320 363 1352 genus,
384 1314 415 1343 et
437 1311 666 1351 igne-assumus
678 1312 787 1353 implet
802 1322 892 1344 cavos
906 1314 1062 1344 oculorum
1075 1310 1194 1353 sinus,)
1207 1311 1399 1350 vociferatur
1408 1322 1420 1344 .·
1435 1312 1540 1354 (pyroe
1559 1320 1714 1343 eoncuesoe

247 1357 339 1393 sunt,
354 1357 386 1386 et
399 1364 461 1386 vox
475 1354 543 1394 ejus
565 1355 671 1395 ignem
684 1355 817 1396 amplius
836 1355 987 1387 excitavit
997 1355 1026 1394 .·)
1038 1355 1209 1387 Domicina
1234 1355 1424 1394 laser-orum,
1445 1358 1476 1388 et
1492 1354 1632 1387 terribile
1654 1353 1713 1384 im-

251 1398 373 1438 perium
387 1397 577 1430 insatiabilis
591 1398 662 1439 leti,
674 1401 704 1431 et
720 1402 768 1440 tu,
778 1408 796 1430 o
808 1398 953 1438 fratrum
967 1398 1193 1439 crudelissime,
1212 1398 1264 1430 cui
1275 1398 1392 1430 umbra
1405 1400 1437 1430 et
1450 1397 1646 1439 sempiternae
1659 1405 1714 1428 no·

856 1503 876 1518 O
882 1502 1102 1516 “O‘'‘O‘O‘O

244 1577 397 1617 frondet,-
419 1579 540 1612 Behot.
568 1581 602 1612 2.
615 1578 756 1618 frontes.
801 1579 844 1612 In
872 1579 994 1612 iisdem
1023 1578 1124 1612 codd.
1150 1588 1238 1611 omne

1260 1579 1540 1621 cypressum—464
1561 1576 1712 1619 Optimae

253 1622 388 1653 Barthii
409 1622 633 1663 membranae,
655 1633 741 1655 unus
771 1624 854 1655 item
885 1623 995 1655 codex
1023 1622 1269 1663 Lindenbrogii
1288 1630 1428 1661 sanguen
1441 1623 1473 1652 et
1493 1622 1714 1653 σωκῶ-467

256 1664 418 1697 Barthius
444 1666 562 1707 legere
577 1666 695 1702 malitj
719 1676 775 1699 nee
787 1668 1019 1708 raptam—472
1040 1667 1050 1684 ‘
1067 1666 1183 1698 Satius
1197 1669 1282 1707 puto
1295 1663 1389 1707 quod
1401 1664 1436 1696 in
1450 1663 1581 1706 optimo
1592 1662 1716 1696 codice

909 1756 1057 1790 NOTAE

296 1823 362 1854 464
394 1819 572 1862 Exceptum
592 1821 729 1863 pateris]
767 1823 955 1865 Postquam

255 1872 347 1905 enim
373 1876 475 1904 vecte
503 1876 653 1904 stantem
678 1873 852 1905 victimam
878 1882 957 1914 per·

250 1926 434 1956 ,euaserant
458 1922 500 1953 ad
530 1927 699 1964 tempora,
714 1927 797 1955 tunc
825 1923 858 1954 in
884 1923 959 1964 ejus

246 1973 404 2016 jugulum
429 1972 663 2005 immittebant
686 1974 831 2014 cultros,
846 1977 883 2005 et
901 1982 960 2005 ex-

254 2023 428 2066 cipiebant
443 2023 643 2064 sanguinem
667 2023 701 2055 in
726 2023 867 2064 pateris,
883 2032 959 2064 qum

256 2074 383 2107 Graece
398 2074 536 2113 σφαγεῖα
548 2072 766 2105 dicebantur.
788 2073 960 2115 Praeribat]

255 2123 312 2156 An
327 2122 499 2164 degustat,
515 2127 552 2155 ut
569 2123 604 2154 in
626 2123 831 2165 quibusdam
850 2123 960 2156 sacris

254 2174 332 2207 fieri
354 2178 594 2215 consueverat,
618 2175 673 2206 vel
695 2173 810 2207 fundit
831 2174 958 2216 aliquid

257 2224 447 2267 sanguinis,
469 2225 665 2266 priusquam
699 2229 781 2257 exta
809 2225 958 2256 reddat?

257 2276 452 2316 Sanguinem
473 2278 505 2306 et
526 2274 646 2315 omnes]
669 2276 749 2308 Non
769 2276 888 2317 inepta
902 2275 958 2307 hic

257 2325 366 2358 elisio.
411 2326 500 2357 Nam
530 2326 668 2367 optimis
698 2326 802 2358 etiam
838 2324 957 2357 Poetis

258 2375 418 2407 elisiones
431 2373 642 2416 frequentes.
669 2375 767 2417 Virg.
783 2375 917 2408 AEneid.
932 2384 957 2407 ι.

258 2427 446 2459 ‘Omnium
475 2427 624 2468 egenos.¹
666 2427 707 2460 In
734 2427 820 2459 libro
842 2432 957 2459 tamen

259 2478 391 2519 optimo
403 2477 495 2509 clare
511 2481 566 2509 est
576 2477 792 2520 sanguen;(ut
808 2478 858 2509 ait
872 2478 959 2509 Bar-

258 2526 379 2568 thius,)
394 2531 433 2559 ut
457 2532 494 2560 et
519 2528 553 2559 in
574 2528 708 2570 potiore
729 2527 864 2561 illorum
879 2536 961 2570 quos

258 2581 405 2614 contulit
420 2580 708 2623 Lindenbrogius.

301 2635 366 2664 465
390 2631 466 2672 Ter]
489 2631 644 2664 Numero
668 2639 805 2673 semper
829 2629 964 2671 impari,

260 2682 351 2723 quod
367 2683 401 2712 'm
412 2681 569 2713 omnibus
583 2681 688 2714 sacris
703 2680 961 2713 observabatur.

259 2731 429 2773 Virgilius
454 2732 529 2764 Ecl.
558 2741 636 2765 vui.
669 2731 845 2764 ‘Numero
872 2730 965 2763 Deus

262 2784 392 2825 impare
406 2781 559 2824 gaudet!

1050 1823 1117 1854 466
1138 1820 1430 1862 Smdneoesfibous,
1443 1818 1515 1862 qa]
1534 1818 1716 1861 Palpitan-

1010 1871 1058 1903 tia
1087 1871 1178 1904 enirn
1203 1875 1245 1903 'et
1273 1870 1444 1911 spirantia
1479 1873 1562 1902 exta
1587 1868 1713 1910 npt'tm

1013 1922 1255 1954 avellebantur
1263 1920 1424 1961 victimis,
1434 1924 1471 1952 et
1479 1918 1715 1952 offerebantur

1014 1973 1220 2015 sacrificulo,
1245 1979 1284 2006 ut
1301 1977 1443 2015 possent
1458 1971 1596 2013 inspici.
1641 1970 1711 2003 Sed

1014 2026 1093 2066 quia
1129 2025 1279 2057 Tiresias
1312 2033 1425 2056 cneus
1461 2027 1550 2063 erat,
1585 2021 1715 2054 dicitur

1013 2076 1136 2108 Manto
1161 2074 1352 2107 reddidisse
1380 2077 1475 2114 exta,
1500 2073 1535 2104 id
1561 2075 1628 2112 est,
1655 2071 1713 2103 vel

1014 2127 1081 2158 aris
1094 2125 1307 2168 imposuisse,
1317 2128 1356 2157 ut
1367 2134 1441 2157 mos
1453 2127 1529 2156 erat
1543 2134 1552 2156 :
1574 2121 1694 2155 ‘reddi
1707 2121 1717 2136 ⁹

1013 2177 1102 2208 enim
1117 2180 1200 2209 exta
1221 2175 1440 2215 dicebantur,
1457 2183 1534 2206 cum
1556 2172 1714 2215 probata,

1011 2232 1048 2259 et
1061 2227 1150 2258 elixa
1165 2236 1233 2258 arae
1248 2223 1634 2267 super-imponebantur:
1659 2222 1713 2254 vel

1011 2286 1168 2309 narrasse
1181 2276 1322 2308 Tiresiae
1343 2275 1448 2317 patri,
1470 2274 1585 2316 qualia
1603 2277 1714 2304 erant.

1012 2327 1175 2359 Ceterum
1190 2335 1290 2359 omne
1306 2323 1510 2357 sacrificium
1522 2323 1576 2355 bis
1591 2326 1712 2362 qustu-

1012 2386 1055 2408 or·
1065 2376 1304 2418 peragebatur,
1319 2374 1498 2414 libatione,
1518 2382 1585 2415 qna
1598 2372 1712 2404 vinnm

1012 2427 1117 2468 capiti
1133 2427 1280 2458 victimae
1294 2424 1552 2464 infundebatur,
1566 2423 1716 2455 immola-

1012 2478 1120 2519 tione,
1134 2487 1211 2509 cum
1227 2477 1317 2508 mola
1337 2475 1425 2507 salsa
1446 2483 1596 2516 aspersa
1611 2472 1714 2504 ferie-

1015 2527 1153 2567 bantur,
1182 2526 1377 2559 redditione
1406 2534 1500 2563 vero,
1529 2533 1606 2556 cnm
1632 2526 1714 2554 exta

1018 2578 1083 2610 aris
1106 2577 1383 2618 imponebantur,
1398 2575 1555 2607 litatione
1575 2572 1712 2606 demum

1017 2638 1092 2660 cum
1106 2628 1209 2669 signis
1225 2627 1329 2659 certis
1345 2623 1598 2667 cognoscebant
1612 2621 1718 2654 sacri-

1016 2678 1130 2711 ficium
1145 2678 1223 2709 Diis
1237 2680 1416 2718 acceptum
1433 2673 1550 2706 fuisse.

1058 2731 1123 2761 474
1145 2725 1332 2769 Inexpletoe]
1364 2724 1456 2759 Quis
1470 2732 1560 2757 mors
1581 2730 1650 2756 non
1663 2731 1715 2756 ss-

1015 2779 1134 2812 tiatur.
