1820 3068
227 217 313 262 868
728 229 769 260 P.
804 229 995 260 PAPINJI
1032 229 1197 261 STA'rrr

227 325 415 374 Olenos,
438 322 578 365 Ioniis
598 326 642 365 et
659 322 871 365 fiuctibus
890 323 1067 378 hospita
1085 329 1216 378 portu
1610 325 1696 367 105

227 392 424 442 Chalcis,
442 397 488 433 et
509 391 739 433 Herculea
760 395 966 445 turpatus
987 391 1203 445 gymnade
1224 391 1377 433 vultus

225 460 405 502 Amnis:
436 458 580 500 adhuc
602 459 704 500 imis
727 460 806 501 vix
827 465 1030 500 truncam
1049 459 1254 500 attollere
1274 459 1466 501 frontem

226 527 376 569 Ausus
397 527 543 580 aquis,
565 526 814 580 glaucoque
832 529 968 579 caput
987 538 1259 568 summersus
1280 528 1326 568 in
1343 533 1469 569 antro

227 595 414 637 Moeret:
447 594 705 636 anhelantes
728 597 973 647 aegrescunt
993 594 1178 649 pulvere
1199 595 1325 649 ripae.

223 725 343 766 proebet
357 727 540 768 hospitalem
561 731 688 768 portum
703 726 923 766 navigantibus
948 726 983 758 in
1007 726 1097 758 Ionio
1113 727 1214 766 Mari,
1235 730 1267 758 et
1281 727 1407 768 fluvius
1421 735 1474 758 ore
1488 726 1694 765 deformatus,

226 769 371 800 luctando
386 779 455 801 cum
472 771 618 802 Hercule.
666 770 732 802 Vix
744 779 836 802 ausus
851 773 898 800 cst
913 769 1013 800 adhuc
1028 770 1131 800 levare
1146 769 1325 801 mutilatam
1345 768 1487 807 frontem
1501 778 1517 800 e
1529 768 1694 809 profundis

225 811 331 854 undis,
351 816 383 844 et
396 814 479 844 dolet
494 813 595 854 capite
610 814 762 846 occultato
776 813 811 844 iu
826 813 955 844 coeruleo
967 821 1070 852 specu,
1092 816 1123 843 et
1138 813 1224 844 alveo
1239 812 1355 844 siccato
1369 812 1460 843 om'da
1479 812 1590 844 littora
1603 821 1694 852 squu-

840 906 900 920 00¹0
904 907 1060 920 ‘M‘
1064 907 1082 919 O

227 973 351 1006 Petav.
373 977 517 1015 uterque
540 974 666 1006 Behot.
692 973 837 1006 Amstel.
860 974 1013 1006 Gronov.
1028 974 1151 1006 Barth.
1167 974 1276 1005 Veen.
1294 977 1331 1005 et
1354 971 1594 1013 Delon—105
1621 971 1693 1003 Ole-

224 1026 287 1047 mm
311 1016 437 1048 Behot.
461 1019 604 1048 2.—106
635 1017 858 1058 Ineptissime
886 1017 963 1048 libri
988 1016 1125 1048 viliores
1154 1016 1309 1048 turbatus.
1335 1016 1565 1047 Rarum—107
1589 1013 1694 1045 Aldd.

227 1057 336 1091 colin.
364 1059 496 1100 Gryph.
510 1064 548 1091 et
576 1059 797 1092 Basil.adlruc
812 1060 908 1097 immi,-
944 1060 1050 1100 Lang.
1069 1060 1171 1091 Laur.
1191 1060 1283 1090 Dan.
1307 1058 1458 1099 Lipsian.
1475 1056 1608 1089 Buslid.
1624 1056 1694 1088 Pe-

228 1106 336 1134 trens.
361 1102 444 1134 Put.
472 1102 597 1134 Petav.
624 1107 771 1145 uterque
802 1103 925 1135 Behot.
951 1102 1067 1135 Plant.
1098 1102 1332 1143 Lindenbrog.
1363 1101 1508 1133 Gevart.
1536 1099 1695 1132 Grasser.

887 1202 1032 1235 NOTAE

230 1265 344 1299 Oleno
360 1264 520 1306 Achaiae3
543 1265 703 1298 nimirum
720 1266 934 1298 contendere

229 1325 330 1358 posse
345 1325 422 1348 cum
439 1315 504 1347 Ida
518 1315 562 1348 de
579 1317 651 1349 solo
671 1317 777 1349 natali
793 1327 834 1350 ac
851 1317 935 1349 edu-

229 1366 367 1398 catione
396 1366 514 1399 Jovis:
552 1366 619 1399 Ida
643 1369 732 1400 enim
757 1373 813 1401 est
839 1378 934 1401 mons

230 1416 360 1458 Cretae,
386 1416 421 1447 in
447 1426 514 1458 quo
541 1416 686 1459 Jupiter
714 1419 818 1451 etiarn
846 1421 933 1451 altus

228 1466 365 1499 dicitur.
413 1467 491 1499 Non
514 1468 723 1501 conveniunt
745 1469 835 1501 enim
859 1479 935 1502 auc·

228 1520 324 1549 tores
349 1516 393 1548 de
420 1517 532 1558 patria
561 1522 599 1549 et
621 1519 697 1550 loco
720 1519 934 1551 educationis

228 1566 341 1599 Jovis.

274 1620 336 1648 106
362 1616 461 1649 Ioniis
484 1621 517 1649 et
529 1618 685 1659 fluctibus
703 1619 825 1660 hospita
841 1621 937 1660 portu

231 1668 372 1709 Chalcis]
389 1668 523 1701 Chalcis
534 1669 616 1701 urbs
625 1669 759 1702 AEtoliae
769 1670 812 1702 ad
821 1670 934 1703 Ache-

228 1716 321 1752 lou'm
350 1728 482 1750 amnem
510 1719 588 1760 sita,
615 1725 822 1762 portumque
847 1730 934 1762 prae-

230 1769 314 1802 bens
329 1768 474 1800 navibus
486 1768 622 1800 Ionium
637 1778 730 1801 mare
746 1770 935 1810 naviganti-

191 1835 194 1838 ·
229 1820 316 1853 bus:
333 1818 471 1851 AEtoliae
487 1819 578 1851 enim
593 1829 654 1851 ora
668 1820 760 1852 Mari
775 1820 871 1852 Ionio
888 1820 936 1852 al-

228 1870 350 1903 luitur.

275 1922 338 1952 106
371 1920 418 1951 Et
434 1919 592 1951 Herculea
615 1922 760 1960 turpatus
777 1920 935 1961 gymnade

228 1971 333 2003 matus
368 1969 499 2010 Amnis]
534 1969 726 2002 Acheloum
760 1969 935 2010 intelligit,

231 2022 290 2064 qui
304 2030 509 2063 congressus
524 2030 602 2052 cum
628 2021 780 2053 Hercule
804 2020 848 2052 ob
865 2021 934 2052 De-

225 2072 389 2114 janiram,
405 2071 599 2113 victusque,
615 2072 730 2104 amisit
746 2080 850 2103 unum
865 2081 936 2103 cor-

229 2132 278 2155 nu
303 2122 340 2154 in
359 2122 424 2154 hoc
446 2122 646 2154 certamine.
692 2121 821 2154 Fluviis
845 2122 936 2154 enim

230 2183 359 2206 cornua
373 2183 480 2214 osque
497 2173 667 2205 taurinum
692 2174 778 2205 dant
800 2172 934 2205 Po‘etae.

228 2224 343 2256 Locus
364 2222 492 2255 fabulae
517 2224 631 2264 datus,
645 2223 736 2266 quod
761 2223 933 2256 Hercules

229 2284 332 2307 unum
355 2284 399 2306 ex
421 2274 554 2306 duobus
578 2274 674 2306 ostiis
696 2272 842 2306 Acheloi
864 2283 933 2305 am-

229 2325 294 2364 nis,
308 2334 374 2366 quo
387 2323 517 2356 crebris
529 2323 809 2356 inundationibus
821 2323 933 2365 regio-

228 2384 307 2407 nem
330 2373 532 2415 infestabat,
555 2374 734 2406 diductum
761 2375 795 2406 in
818 2375 934 2416 plures

229 2427 322 2458 rivos
351 2425 592 2457 exsiccaverit.
643 2425 826 2457 Lucanus:
861 2425 935 2456 ‘Et

229 2476 338 2508 scisso
354 2474 489 2516 gurgite
505 2475 597 2507 rivus
612 2476 686 2507 Dat
699 2484 818 2516 poenas
830 2474 936 2515 majo-

231 2527 277 2559 ris
314 2525 436 2568 aquae.’
482 2525 585 2558 Quod
616 2535 693 2557 cum
730 2524 936 2566 perfecisset

230 2578 413 2617 Hercules,
441 2576 646 2618 Dejaniram
676 2576 828 2608 obtinuit
853 2585 935 2607 uxo-

231 2638 317 2659 rem.
360 2626 487 2659 Strabo
518 2636 599 2658 vero
624 2626 733 2658 tradit
756 2626 831 2658 haee
857 2625 936 2657 ideo

230 2677 325 2718 ficta,
343 2678 434 2719 quod
450 2677 604 2709 Acheloo
628 2677 746 2709 limum
773 2676 935 2715 ducente,

230 2726 522 2768 etfrequentibus
545 2726 824 2759 inundationibus
846 2727 934 2759 limi-

231 2782 286 2810 tes
311 2776 554 2819 confundente,
576 2776 667 2811 bella
691 2776 814 2810 crebro
840 2777 933 2810 inter

987 1266 1188 1298 Acarnanes
1205 1269 1240 1298 et
1257 1264 1388 1297 AEtolos
1404 1263 1594 1295 orirentur:
1632 1272 1691 1294 un-

988 1316 1031 1347 de
1047 1326 1124 1348 cum
1136 1315 1275 1356 judices
1290 1314 1373 1347 nulli
1394 1318 1522 1354 essent,
1538 1312 1596 1355 qui
1613 1321 1693 1344 con-

989 1365 1172 1397 troversias
1201 1374 1319 1396 eorum
1348 1364 1511 1395 dirimere
1541 1367 1696 1404 possent,

989 1416 1032 1447 ad
1049 1425 1144 1447 arma
1160 1415 1354 1456 veniebant,
1368 1414 1560 1455 mutuisque
1575 1422 1612 1444 se
1627 1413 1696 1445 cla-

989 1466 1090 1497 dibus
1112 1464 1320 1497 afficiebant,
1364 1464 1534 1496 Hercules
1562 1464 1694 1505 itaque,

989 1526 1067 1548 cum
1084 1515 1266 1557 aggeribus
1282 1519 1318 1546 et
1333 1514 1431 1546 fossis
1445 1513 1582 1546 fluvium
1599 1514 1694 1545 dam-

989 1564 1072 1598 nose
1088 1570 1323 1607 erumpentem
1339 1565 1430 1596 intra
1445 1565 1578 1596 alveum
1596 1563 1693 1596 coe'r-

990 1617 1129 1655 cuisset,
1157 1621 1322 1658 tanquam
1347 1615 1557 1648 debellasset
1580 1615 1693 1648 Ache-

990 1667 1093 1707 loum,
1109 1667 1308 1708 Dejaniram
1325 1666 1502 1709 praemium
1517 1666 1692 1699 industriae

992 1725 1032 1748 ac
1045 1716 1194 1748 solertiae
1218 1717 1346 1750 retulit.
1390 1719 1552 1749 ceterum
1578 1717 1694 1749 obser-

991 1767 1103 1798 vanda
1126 1767 1181 1799 hic
1197 1776 1263 1799 vox
1290 1768 1300 1786 ⁴
1315 1767 1481 1809 gymnas,'
1509 1777 1572 1809 pro
1597 1769 1694 1800 lucta

990 1822 1027 1849 et
1048 1817 1135 1849 ludis
1153 1817 1318 1859 gymnicis
1342 1817 1491 1858 Papinio
1516 1823 1691 1859 usurpata,

989 1877 1057 1910 qua
1071 1868 1176 1900 etiam
1192 1867 1300 1899 utitur
1314 1866 1498 1900 Achilleid.
1514 1877 1538 1900 1.
1567 1869 1577 1886 ‘
1593 1869 1692 1900 Neve

990 1928 1152 1950 exercere
1177 1923 1355 1960 protervas
1378 1918 1602 1960 Gymnadas.’
1645 1920 1692 1951 Et

988 1970 1024 2001 in
1038 1969 1162 2011 Sylvis,
1173 1969 1267 2000 Villa
1282 1969 1501 2003 Surrentina:
1517 1970 1526 1987 ‘
1540 1969 1596 2001 Ad
1612 1968 1693 2002 Am·

990 2020 1123 2052 bracias
1139 2029 1303 2051 conversa
1319 2019 1486 2060 gymnade
1500 2018 1666 2052 frondes.'

1033 2073 1095 2102 107
1117 2069 1229 2102 Adhuc
1243 2069 1315 2101 imis
1328 2070 1386 2102 vix
1399 2073 1541 2102 truncam
1550 2071 1695 2103 attollere

983 2120 1126 2159 frontem
1140 2119 1245 2151 Ausus
1268 2120 1373 2161 aquis]
1394 2119 1498 2152 Ovid.
1529 2119 1616 2152 Met.
1635 2129 1693 2152 11.

989 2175 998 2189 ‘
1018 2170 1141 2202 Vultus
1163 2168 1337 2201 Achelous
1353 2173 1505 2210 agrestes
1530 2170 1576 2202 Et
1601 2170 1690 2202 lace-

986 2232 1061 2256 rum
1077 2232 1182 2255 cornu
1200 2221 1321 2254 mediis
1342 2225 1450 2264 caput
1474 2221 1607 2255 abdidit
1630 2233 1692 2256 un·

986 2272 1064 2305 dis!

1030 2327 1093 2356 108
1118 2323 1298 2364 Glaucoque
1325 2327 1419 2365 caput
1444 2334 1630 2357 summersus
1657 2325 1694 2357 in

986 2374 1094 2415 antro]
1117 2374 1313 2406 Fluviorum
1331 2374 1406 2406 Diis
1431 2378 1532 2407 antra
1545 2374 1690 2406 attribu-

988 2429 1051 2458 unt
1064 2424 1198 2463 Poetae,
1208 2424 1243 2456 in
1255 2424 1375 2466 quibus
1390 2424 1568 2457 recubant.
1593 2425 1694 2456 Glau-

987 2475 1038 2516 co]
1067 2475 1126 2507 Ob
1135 2475 1262 2516 juncos
1278 2479 1314 2507 et
1326 2476 1433 2508 ulvas.

1033 2530 1096 2559 109
1117 2527 1251 2569 Moeret]
1276 2527 1332 2560 Ob
1359 2528 1516 2559 amissam
1545 2526 1689 2567 Dejsni·

990 2586 1076 2618 ram,
1090 2580 1127 2608 et
1141 2577 1231 2619 qnod
1247 2576 1357 2609 victus
1369 2575 1487 2609 fuerit.
1531 2575 1690 2608 Anhelan-

988 2631 1036 2660 tes
1063 2631 1237 2668 oegrescunt
1260 2628 1389 2668 pulvere
1423 2625 1517 2668 m'poe]
1550 2626 1689 2658 Siccato

989 2677 1123 2710 scilicet
1139 2686 1206 2709 uno
1221 2687 1264 2708 ex
1280 2676 1389 2709 ostiis.
1418 2675 1508 2708 Vide
1522 2675 1689 2708 Ovidium

990 2727 1079 2759 Met.
1109 2736 1165 2759 rx.
1194 2726 1252 2758 ubi
1278 2725 1486 2759 describitur
1511 2729 1690 2759 certamen

987 2776 1148 2811 Herculis
1163 2780 1199 2810 et
1213 2775 1368 2810 Acheloi.
