1820 3068
248 243 336 286 ’732

745 252 788 284 P.
820 253 1016 284 PAPINH

1050 252 1220 285 STA'rn

248 349 570 405 Hesperidum,
590 353 636 390 et
656 348 801 390 dirum
822 347 1037 404 Phryxaei
1058 349 1234 391 velleris
1250 361 1419 391 aurum.

246 418 364 460 Tum
384 418 533 460 varias
553 421 722 471 pestes,
740 423 1007 471 raptumque
1025 418 1273 472 interplicat
1293 423 1392 460 atro

246 484 515 539 Tisiphones
535 484 591 525 de
613 483 734 525 crine
755 483 933 535 ducem,
952 488 995 526 et
1013 496 1115 538 quae
1135 485 1336 538 pessima
1354 482 1520 527 Ceston

245 550 332 593 Vis
353 553 539 606 probat:
568 552 665 593 haec
686 552 854 593 circum
874 552 1049 607 spumis
1070 551 1321 594 Lunaribus
1339 554 1465 608 ungit

247 618 466 668 Callidus,
487 625 621 674 atque
641 619 771 660 hilari
792 618 1022 672 perfundit
1040 622 1200 661 cuncta
1219 632 1405 663 veneno.

247 685 354 727 Non
373 687 457 728 hoc
481 687 690 728 Pasithea
708 686 972 728 blandarum
993 687 1138 740 prima
1159 683 1376 738 sororum,

1623 618 1710 662 285

244 751 350 794 Non
369 753 520 804 decor,
542 753 805 807 Idaliusque
826 766 954 806 puer,
974 753 1052 794 sed
1074 753 1258 805 Luctus,
1281 759 1327 796 et
1347 755 1449 806 Irae,

240 867 370 892 conum.-
392 858 445 890 hic
467 859 608 891 lua-tima
631 868 724 899 poma
748 858 972 900 Hesperidum,
994 861 1026 891 et
1048 860 1262 893 calamitosam
1284 871 1398 894 aarum
1413 861 1541 904 Phry-‘n‘
1564 860 1712 893 velleris.-

238 909 313 931 mox
326 900 519 933 intermiscet
534 902 657 933 diuersa
678 903 796 940 toxica,
814 902 1002 943 primarium
1014 905 1187 942 serpentem
1199 905 1342 936 avulsum
1354 905 1458 944 mgr-is
1472 904 1611 936 crinibus
1627 903 1711 937 Tisi-

236 943 364 985 phones,
387 947 419 975 et
433 944 498 975 eim
512 946 652 984 noxiam,
674 954 743 985 quoe
757 945 840 976 inest
857 945 963 977 Cesto.

1005 944 1088 976 Hoec
1102 949 1226 978 astutus
1240 947 1314 979 linit
1335 946 1470 989 undiqtte
1484 944 1603 989 spumis
1618 947 1708 978 luna-

236 984 336 1026 ribus,
358 989 390 1018 et
414 987 518 1018 lucido
531 994 645 1018 veneno
659 988 832 1033 conspersit
845 988 959 1019 omnia.
1004 988 1079 1019 Non
1094 988 1150 1020 Ιιοι·
1165 988 1317 1021 Pasithea
1331 991 1458 1022 domina
1472 990 1609 1022 dulcium
1624 998 1709 1020 noro-

239 1037 322 1070 rwn,
344 1038 407 1062 non
423 1029 540 1072 Lepor,
562 1030 725 1062 Idalime
745 1039 846 1071 μνον,-
867 1032 923 1062 sed
949 1030 1051 1062 Dolor
1071 1034 1103 1062 et
1125 1031 1324 1074 Indignatio,
1346 1032 1458 1073 Angor
1481 1036 1514 1066 et
1537 1031 1709 1065 Discordia

861 1115 1099 1128 OONJWNO

235 1167 353 1200 cineres
378 1167 545 1200 Heinsius
566 1167 820 1202 ibidem—282
843 1169 1000 1213 Uterque
1026 1171 1150 1204 Behot.
1171 1172 1355 1213 interplicat
1377 1175 1576 1205 aum—283
1602 1173 1711 1205 Thisi-

231 1212 346 1249 phanis
373 1211 455 1244 edd.
472 1215 666 1244 νειμ-285
691 1212 909 1244 Burmannus
935 1215 1176 1256 conjectabat:
1199 1218 1291 1255 utque
1313 1215 1402 1256 hyali
1415 1216 1598 1256 perfmdit5
1620 1217 1709 1248 Tau-

234 1254 300 1284 rin.
314 1254 410 1285 hilari
422 1253 685 1294 perfudit.—286
708 1255 783 1286 Non
798 1255 854 1287 hoc
867 1256 1016 1289 Phasiten
1029 1266 1113 1288 unus
1128 1257 1362 1290 Retron—28⁷
1386 1258 1461 1290 Non
1481 1260 1583 1291 Dee-us
1596 1259 1708 1291 codex

237 1295 440 1330 Burmanni.
462 1297 569 1329 Decor
591 1298 781 1339 majuscula
796 1297 830 1329 D
846 1298 951 1331 scribi
975 1300 1074 1332 malit
1094 1299 1251 1334 Jortinus
1274 1305 1411 1333 nostras
1426 1302 1462 1333 in
1487 1301 1589 1334 misc.
1605 1301 1711 1343 Obss.

901 1374 1048 1408 NOTAE

235 1436 280 1469 ab
318 1437 485 1478 Hercule,
518 1437 757 1479 gravissimum
793 1437 958 1479 dolorem.

234 1492 444 1529 receperunt
458 1498 467 1519 :
492 1487 702 1529 undeflebile
714 1497 846 1529 germen
861 1489 950 1522 dici-

233 1543 301 1571 tur.

275 1591 339 1621 281
363 1590 410 1621 Et
434 1589 540 1621 dirum
555 1589 714 1631 Phryxoei
738 1591 868 1623 velleris
892 1600 948 1622 uu-

236 1641 321 1683 rum]
346 1641 473 1683 Tangit
496 1641 647 1673 fabulam
673 1642 812 1674 velleris
840 1642 950 1684 aurei,

235 1702 312 1734 quae
328 1691 434 1724 refert
450 1692 631 1734 Phryxum
649 1697 686 1724 et
703 1692 832 1725 Hellen
854 1703 948 1726 soro-

234 1751 307 1774 rem
333 1741 508 1783 fugientes
531 1748 666 1783 patrem
688 1742 947 1784 Athamantem,

236 1798 274 1824 et
301 1802 485 1825 novercam
516 1793 593 1834 Ino,
622 1802 812 1826 conscenso
851 1794 947 1826 aurei

237 1842 375 1875 velleris
391 1843 513 1883 ariete,
539 1847 684 1884 pontum
709 1843 948 1876 transmittere

238 1897 382 1926 conatos
397 1905 407 1926 :
441 1892 581 1932 Hellen,
597 1897 693 1925 metu
709 1902 950 1936 summersam,

234 1949 361 1976 nomen
387 1947 496 1985 ponto
526 1943 810 1989 reliqnisse,(qui
836 1953 881 1976 ex
906 1953 949 1976 ea

234 1994 484 2036 Hellespontus
514 1994 628 2026 dictus
657 1993 741 2037 est,)
770 1994 947 2037 Phryxum

238 2054 319 2078 vero
343 2045 527 2087 traJecisse
551 2050 589 2078 et
612 2045 646 2077 in
662 2045 809 2078 Colchos
826 2055 949 2088 perve-

239 2097 342 2138 nisse,
359 2096 478 2138 ibique
491 2096 600 2129 ariete
616 2095 806 2138 immolato,
821 2097 949 2138 pellem

236 2148 271 2179 in
298 2148 428 2189 templo
452 2147 550 2181 Jovis
573 2157 632 2179 seu
654 2147 781 2179 Martis
804 2157 949 2189 snspen-

237 2197 341 2232 disse.
389 2197 526 2239 Dirum]
548 2197 607 2230 Ob
633 2200 773 2230 causam
800 2201 837 2230 et
862 2207 948 2230 mor·

238 2254 310 2283 tem
337 2250 472 2282 Helles.

279 2303 344 2333 283
368 2300 554 2342 Tisiphones
568 2300 606 2331 de
619 2298 708 2330 crine
721 2297 845 2340 ducem]
865 2298 888 2332 J
891 2307 946 2330 am

237 2351 385 2384 diximus
397 2350 518 2382 Furias
533 2349 691 2381 habuisse
703 2356 766 2390 pro
780 2349 948 2390 capillitio

236 2406 427 2443 serpentes.
460 2399 660 2441 Tisiphones]
681 2398 866 2440 Tisiphone
882 2408 949 2431 una

239 2461 283 2485 ex
299 2451 424 2484 Furiis.
458 2450 502 2482 Et
521 2459 590 2491 (μισ,
603 2450 738 2491 pessima
755 2449 870 2482 Ceston
889 2446 947 2482 Vis

235 2505 364 2547 probat]
389 2503 561 2544 Intelligit
590 2502 715 2534 Ceston
730 2501 892 2542 Veneris,
910 2501 946 2533 in
967 2511 969 2514 ·

238 2565 308 2598 quo
323 2555 486 2594 suavitas,
499 2557 536 2585 et
551 2552 666 2584 dulcia
687 2551 870 2593 colloquia,
887 2551 946 2582 be·

237 2604 445 2646 nevolentia‚
457 2602 646 2641 blanditiae,
655 2601 844 2642 suasiones,
852 2600 945 2632 frau-

238 2655 312 2694 des,
326 2653 561 2695 venefici-que
575 2651 856 2684 includebantur.
888 2650 946 2684 Vis

234 2704 385 2746 pessima]
409 2703 577 2742 Fraudes,
594 2701 772 2735 veneficia.

281 2757 345 2787 284
380 2754 464 2786 Haec
488 2753 607 2785 circum
634 2752 750 2794 spumis
765 2751 946 2784 Lunarae'bus

239 2803 349 2845 ungit]
373 2802 571 2836 Credebant
587 2807 721 2835 veteres
738 2812 758 2835 a
781 2801 943 2835 veneticis

1001 1439 1124 1472 herbas
1149 1440 1344 1482 legentibus
1372 1440 1486 1474 lunam
1514 1440 1650 1474 avocari
1665 1441 1709 1475 de

1002 1491 1102 1531 coelo,
1132 1500 1275 1534 eamque
1291 1492 1371 1534 cogi
1390 1501 1550 1533 spumare
1575 1492 1609 1523 in
1632 1491 1709 1524 her·

1002 1543 1076 1582 bas,
1098 1546 1135 1573 et
1158 1543 1298 1574 salivam
1317 1534 1488 1584 quandam
1503 1550 1596 1574 suum
1613 1550 1710 1583 spar-

1003 1602 1096 1634 gere,
1112 1595 1150 1624 nt
1174 1593 1247 1633 ejus
1270 1593 1386 1624 salivae
1408 1600 1532 1634 spuma
1559 1597 1710 1624 venena-

1002 1643 1072 1675 tius
1087 1650 1203 1674 earum
1220 1645 1312 1674 esset
1328 1642 1434 1681 virus,
1453 1645 1490 1674 et
1510 1640 1708 1674 efficacius:

1001 1693 1092 1735 qnod
1109 1692 1226 1734 tetigit
1242 1692 1400 1724 Valerius
1417 1691 1563 1725 Flaccus
1578 1692 1639 1726 tib.
1655 1700 1708 1726 vt.

1002 1743 1189 1777 ‘Quamvis
1218 1742 1364 1775 Atracio
1393 1742 1509 1774 lunam
1544 1748 1707 1784 spumare

1002 1803 1137 1827 veneno
1151 1793 1286 1827 Sciret-¹
1328 1793 1495 1835 Apuleius
1520 1793 1637 1825 Miles.
1649 1793 1710 1826 lib.

993 1842 1028 1877 ἲ.
1049 1848 1061 1864 ⁴
1073 1844 1205 1876 Lunam
1225 1843 1433 1885 despuman-i,
1448 1844 1574 1877 Stellas
1589 1844 1705 1887 evelli,

1001 1895 1094 1927 diem
1110 1894 1196 1934 tolli,
1210 1898 1350 1927 noctem
1368 1894 1503 1927 teneri.'

1043 1948 1107 1978 285
1141 1945 1250 1987 Atque
1276 1945 1374 1977 hilari
1399 1944 1566 1986 perfundit
1593 1948 1705 1978 metu

1000 1995 1132 2037 veneno]
1152 1995 1202 2028 Ut
1222 1995 1309 2028 illud
1330 1995 1456 2028 monile
1479 1996 1578 2028 simul
1595 2002 1631 2028 et
1644 1996 1706 2028 de-

1002 2046 1162 2078 lectabile
1178 2050 1285 2087 esset,
1300 2055 1341 2079 ac
1356 2049 1515 2089 gratnm3
1540 2047 1631 2079 intus
1646 2055 1706 2079 au·
1723 2081 1734 2088 ,

1002 2099 1072 2128 tem
1110 2095 1251 2127 noxium
1303 2105 1344 2128 ac
1379 2094 1595 2138 pestiferum.
1653 2095 1707 2129 Eo

1001 2145 1092 2178 enim
1123 2145 1270 2179 artificio
1291 2145 1376 2178 illud
1395 2144 1607 2179 conflaverat
1621 2146 1706 2179 Vul-

1001 2204 1120 2236 canus,
1158 2201 1197 2228 ut
1229 2196 1374 2238 gratiam
1418 2196 1705 2238 splendoremque

1002 2246 1216 2278 conferendo
1243 2247 1412 2287 placeret,
1433 2246 1553 2288 suique
1568 2246 1704 2286 deside-

1001 2296 1088 2328 rium
1104 2300 1279 2328 moveret:
1298 2295 1473 2328 miscendo
1488 2299 1603 2329 autem
1617 2304 1706 2328 nox-⁴
1772 2293 1774 2295 ’

1001 2346 1050 2378 ias
1076 2354 1131 2377 res
1153 2355 1195 2378 ac
1218 2344 1415 2388 pestiferas,
1439 2346 1613 2379 occultam
1635 2347 1704 2379 vim

1000 2395 1148 2428 nocendi
1163 2395 1318 2429 haberet.

1043 2449 1109 2479 286
1133 2446 1303 2488 Pasithea]
1336 2446 1415 2480 Una
1450 2450 1488 2479 et
1525 2446 1704 2488 praecipua

1001 2496 1213 2530 Gratiarum.
1255 2497 1339 2529 Tres
1361 2504 1436 2529 esse
1446 2496 1588 2528 Gratias
1601 2501 1702 2538 puta-

1000 2546 1084 2578 bant
1109 2552 1243 2578 veteres
1266 2546 1363 2580 Jovis
1384 2550 1421 2578 et
1441 2545 1646 2578 Harmonies
1661 2545 1702 2578 ti-

999 2596 1074 2634 lias‚
1110 2602 1146 2629 et
1181 2594 1325 2628 Veneris
1355 2596 1510 2629 comites.
1565 2596 1700 2629 Harum

999 2648 1136 2679 nomina
1165 2647 1268 2688 vulgo
1294 2646 1474 2688 Pasithea,
1500 2646 1635 2689 Aglaie,
1664 2651 1702 2679 et

999 2697 1242 2738 Euphrosyne.
1686 2706 1690 2710 ·

1040 2749 1104 2779 287
1129 2747 1309 2788 Idaliusque
1321 2747 1415 2789 puer]
1431 2745 1540 2779 Amor
1553 2757 1614 2780 seu
1629 2747 1701 2781 Cu·

998 2797 1080 2838 pido
1092 2796 1183 2829 filius
1197 2797 1356 2838 Veneris,
1371 2796 1420 2829 sic
1435 2796 1547 2830 dictus
1561 2797 1603 2830 ab
1617 2797 1699 2830 lda-
