1820 3068
194 240 279 282 ’740
708 250 751 282 P.
785 248 979 282 PAPan
1012 249 1178 281 srA'rir

198 345 416 390 Consiliis
438 339 682 399 tranquilla
703 345 825 389 dies:
857 350 902 390 te
923 347 1075 390 fortior
1095 348 1221 390 annis

198 415 414 458 Nondum
433 427 538 455 cura
560 413 714 457 decet:
746 416 860 457 sciat
879 416 976 458 haec
999 415 1233 458 Saturnius
1252 415 1359 458 olim

200 483 315 526 Fata
335 495 513 537 patene,
534 483 784 538 oculosque
802 484 909 539 polo
931 485 1152 526 dimittere
1175 485 1214 526 si
1236 497 1351 539 quos

199 551 228 593 J
233 552 404 602 ustitia,
425 554 468 592 et
488 556 653 592 rectum
678 553 804 594 terris
821 552 1055 594 defendere
1078 556 1216 594 curat.
1588 551 1678 595 360

202 621 317 663 Fors
337 619 480 662 aderit
499 620 576 661 lux
598 620 678 662 illa
698 621 796 669 tibi,
819 634 911 675 qua
929 621 1097 663 moenia
1117 633 1270 663 cernes

201 687 431 744 Conjugis‚
452 691 495 730 et
514 690 710 743 geminas
730 690 820 732 ibis
842 691 992 744 regina
1011 703 1093 746 per
1113 691 1260 732 urbes.

203 756 281 799 Sic
302 757 380 808 ait,
400 760 448 799 et
469 770 576 799 caro
598 759 761 813 raptim
779 771 828 800 se
846 758 1001 800 limine
1022 758 1203 813 profert.

202 823 363 880 Tydea
376 825 474 881 jam
496 826 667 868 socium
689 827 874 881 coeptis,
888 826 983 882 jam
1003 831 1187 882 pectore
1207 825 1299 868 fido

206 893 477 950 AEquantem
497 907 641 946 curaS,
661 883 831 945 (tantus
851 903 954 950 post
967 895 1118 950 jurgia
1135 902 1307 938 mentes
1592 895 1680 939 365

205 961 372 1004 Vinxit
389 961 551 1017 amor,)
569 976 858 1018 socerumque
878 963 1036 1005 affatur
1050 964 1196 1006 tristis
1215 962 1469 1007 Adrastum.

209 1030 288 1074 Fit
305 1044 432 1074 mora
452 1032 665 1074 consilio:
697 1045 813 1083 cum,
828 1033 967 1074 multa
986 1033 1284 1084 moventibus,
1305 1045 1394 1075 una

206 1099 238 1142 J
240 1113 310 1142 am
328 1100 478 1155 potior
497 1100 670 1142 cunctis
690 1100 808 1142 sedit
826 1101 1054 1151 sententia,
1073 1099 1218 1143 fratris

210 1168 482 1211 Praetentate
501 1167 649 1219 fidem,
670 1171 879 1223 tutosque
902 1169 948 1210 in
966 1182 1104 1223 regna
1123 1168 1345 1224 precando

157 1235 160 1238 ⁴
210 1237 459 1292 Explorate
481 1236 643 1279 aditus.
691 1235 858 1279 Audax
880 1250 934 1279 ea
949 1248 1133 1279 munera
1151 1237 1332 1292 Tydeus
1595 1239 1682 1283 370

211 1371 340 1402 cedatur
355 1370 502 1412 incoeptis
516 1380 633 1410 eorum,
655 1370 710 1412 qui
725 1369 784 1411 jus
804 1380 894 1403 suum
911 1375 1153 1412 prosequuntur.
1198 1371 1385 1411 solicitudo,
1407 1381 1477 1412 quae
1488 1374 1615 1412 superat
1629 1379 1686 1402 un-

210 1423 277 1453 ιιοε,
296 1415 433 1446 nondum
447 1415 587 1446 convenit
601 1413 674 1446 tibi.
717 1413 849 1455 Jupiter
863 1414 998 1446 Saturni
1013 1414 1110 1457 fitius
1125 1414 1211 1446 not-it
1225 1415 1299 1446 olim
1313 1415 1394 1447 hoc
1381 1416 1423 1447 iis
1437 1420 1632 1454 eventurum,
1654 1414 1685 1444 si

203 1437 337 1496 just’itia
351 1458 503 1498 dignetur
516 1467 533 1489 e
548 1458 623 1489 coelo
647 1457 801 1498 respicere
825 1467 877 1489 res
902 1458 1071 1497 hominum,
1093 1468 1130 1489 ac
1152 1459 1278 1489 studeat
1297 1467 1418 1507 equum
1431 1458 1466 1490 in
1481 1461 1567 1490 terra
1578 1459 1684 1498 prote-

208 1503 298 1540 gere.
345 1501 406 1532 Illa
421 1501 488 1532 dies
502 1500 563 1532 tibi
578 1500 696 1550 for-run
712 1500 869 1540 adveniet,
891 1511 952 1542 qua
975 1500 1039 1531 viri
1062 1501 1201 1542 patriam
1215 1500 1358 1542 aspicies,
1379 1504 1410 1532 et
1434 1501 1546 1541 regina
1561 1500 1685 1532 incedes

209 1552 268 1584 per
282 1544 360 1575 duas
373 1543 530 1576 civitates.
574 1543 642 1584 Sw,
654 1543 708 1584 inq
710 1543 771 1582 uit,
787 1546 819 1575 et
832 1544 943 1575 statim
956 1543 1096 1594 proripit
1106 1554 1140 1576 se
1153 1553 1170 1575 e
1184 1544 1296 1575 dilecto
1311 1543 1458 1576 thalamo.
1501 1543 1687 1586 Alloquitur

212 1587 340 1618 ·moestus
352 1596 492 1619 socerum
503 1554 708 1637 stamnum?
701 1590 731 1618 et
745 1586 862 1628 Tydea,
868 1587 940 1627 jam
953 1586 1139 1629 participem
1153 1597 1277 1619 morum
1291 1587 1502 1628 consiliorum,
1516 1590 1546 1618 et
1560 1595 1688 1628 ‹equan-

213 1633 277 1662 tem
300 1629 334 1661 in
349 1629 445 1672 fideli
467 1630 573 1662 animo
599 1639 674 1662 suas
699 1630 937 1662 solicitudines:
971 1633 1061 1661 tanta
1085 1634 1156 1680 post
1183 1631 1290 1662 rixam
1314 1630 1457 1662 amicitia
1480 1632 1687 1679 conjunxerat

215 1681 320 1704 eorum
334 1674 463 1706 animos.
490 1673 559 1705 Diu
574 1673 759 1705 deliberant.
808 1674 889 1705 Cum
906 1674 1044 1714 plurima
1057 1673 1279 1714 agnovissent,
1301 1683 1364 1705 ιιιιιι
1378 1673 1450 1713 Jam
1463 1673 1572 1705 melior
1583 1671 1687 1714 qrinio

215 1717 335 1756 placuit
359 1716 515 1759 omnibus,
525 1717 628 1760 fidem
645 1716 767 1756 fratris
794 1717 946 1758 experiri,
968 1721 999 1749 et
1024 1717 1163 1756 rogando
1188 1720 1311 1749 tentare
1324 1726 1466 1749 securum
1478 1724 1633 1749 accessum
1647 1715 1688 1746 αᾶ

827 1813 866 1824 θ’
871 1813 907 1824 ‘O
910 1813 1069 1826 OOOO‘NO

217 1889 278 1918 aut
301 1885 441 1917 Deorum
458 1885 608 1916 Consiliis
632 1885 772 1930 scripsit
797 1885 983 1927 Papinius3
1006 1886 1063 1917 vel
1085 1890 1193 1924 certe,
1207 1895 1355 1926 meorum,
1370 1885 1461 1928 quod
1485 1885 1601 1927 p9tius
1623 1893 1686 1925 pu-

217 1934 302 1969 tem,
316 1933 356 1960 ut
370 1938 447 1959 snos
462 1928 567 1959 etiam
583 1928 723 1978 conjugi
738 1939 809 1960 suae
828 1939 966 1970 magnos
990 1928 1110 1961 faeiat.
1154 1930 1244 1961 Sane
1269 1930 1412 1961 alteram
1427 1928 1547 1960 harum
1563 1937 1686 1960 vocum

216 1973 275 2003 ’τοῦ
291 1972 422 2009 ποιητοῦ
446 1980 524 2002 esse
555 1971 727 2008 existimo,
753 1972 869 2013 potius
900 1982 982 2004 vero
1010 1970 1135 2004 istam-³
1157 1972 1275 2004 Barth.
1278 1974 1386 2003 —357
1408 1972 1543 2003 Bai-unii
1566 1970 1622 2002 ed.
1652 1970 1687 2001 in

218 2024 328 2055 marg.
360 2024 404 2046 ex
437 2014 557 2046 codice
588 2015 843 2056 manuscripto:
878 2015 1050 2056 tranquilla
1079 2015 1285 2056 (λήθω-360
1323 2014 1443 2046 Codex
1479 2013 1688 2052 Burmanui;

216 2058 386 2090 demittere
410 2058 439 2088 si
462 2067 560 2098 quon
582 2057 787 2090 Bernartius
816 2058 914 2090 vult:
939 2059 1100 2090 dimittere
1119 2058 1149 2090 si
1172 2068 1245 2099 qua.
1249 2060 1355 2089 —367
1378 2058 1438 2090 Fit
1460 2056 1690 2089 morameiliv

219 2102 331 2133 codex
348 2100 497 2133 Barthii.
521 2103 587 2132 tum
604 2102 704 2133 multa
729 2100 841 2133 codex
865 2101 1062 2133 Burmanni.
1065 2103 1172 2133 -368
1197 2101 1322 2138 Verba,
1334 2101 1411 2133 Jum
1436 2101 1541 2142 potior
1557 2099 1689 2135 cunctis,

216 2144 421 2186 parenthesi
438 2143 584 2175 includit
599 2143 771 2176 Barthius.
796 2143 884 2178 Nam
907 2144 1013 2185 potior
1034 2145 1170 2177 Taurin.
1195 2148 1230 2176 et
1251 2144 1368 2176 Burm.
1371 2146 1480 2175 —369
1502 2144 1691 2175 Pertentare

208 2187 312 2231 fidem
330 2187 554 2228 Lang.La11r.
583 2186 716 2219 Buslid.
743 2189 834 2220 Dan.
861 2187 944 2221 Put.
970 2187 1096 2221 Petav.
1119 2187 1261 2219 Bebott.
1287 2185 1391 2219 Aldd.
1416 2186 1528 2218 Coliu.
1555 2184 1687 2226 Gryph.

218 2230 326 2262 Basil.
342 2234 379 2262 et
394 2230 511 2262 Plant.
525 2230 831 2273 Proetentarefidem
845 2240 962 2262 omnes
985 2231 1086 2263 codd.
1113 2231 1259 2267 Barthii,
1273 2229 1411 2261 Taurin.
1426 2229 1587 2260 Petrens.
1603 2229 1689 2259 Exc

219 2273 367 2305 Cantab.
382 2273 501 2305 Burm.
518 2273 669 2324 Lipsian..
697 2273 842 2306 Gevart.
867 2274 1024 2307 Grasser.
1041 2273 1188 2306 Amstel.
1212 2273 1364 2306 Gronov.
1383 2272 1505 2304 Barth.
1518 2272 1630 2304 Veen.
1653 2275 1691 2302 et

220 2317 352 2358 Delph.
366 2321 402 2348 et
418 2317 469 2348 sic
485 2326 529 2347 ex
545 2317 682 2358 scriptis
697 2317 796 2349 codd.
821 2317 909 2358 legit
931 2319 1023 2350 Dan.
1043 2317 1204 2349 Heinsius
1220 2316 1264 2348 ad
1289 2315 1410 2348 Claud,
1428 2314 1540 2347 Rufin.
1557 2323 1598 2346 ιι.
1611 2315 1690 2345 477.

217 2362 327 2392 -370
351 2359 394 2391 ln
414 2358 547 2401 optimo
570 2359 707 2392 Barthii
733 2360 854 2392 codice
871 2360 1019 2393 varietas
1041 2360 1198 2393 lectionis
1225 2364 1432 2408 annotatur:
1455 2359 1466 2377 ‘
1483 2358 1539 2390 vel
1560 2355 1691 2392 munia!

882 2457 1028 2490 NOTAE

265 2525 329 2554 358
353 2519 539 2561 Saturnius]
561 2519 703 2562 Jupiter
726 2520 865 2552 Saturni
892 2520 930 2552 fi·
985 2531 1043 2553 sus
1058 2521 1124 2553 sit:
1149 2520 1273 2554 Jovem
1290 2521 1364 2553 haee
1382 2519 1644 2562 vindicaturum,
1661 2519 1691 2551 si

219 2574 295 2605 lius.
984 2572 1097 2614 quain
1113 2572 1202 2603 coelo
1210 2571 1363 2613 justitia.

237 2643 243 2649 ›
264 2626 329 2654 359
352 2622 527 2654 Dimittere
551 2620 583 2653 si
608 2621 698 2663 quos]
734 2621 847 2653 Locus
884 2631 929 2654 ex
1026 2624 1088 2653 361
1115 2622 1238 2653 Moenia
1249 2620 1418 2663 conjug-is]
1439 2620 1587 2653 Thebas.

220 2673 367 2715 Virgilio
396 2672 620 2704 adumbratus
642 2673 778 2705 AEneid.
798 2681 825 2705 1.
870 2672 929 2704 ‘Si
1026 2676 1090 2705 362
1119 2673 1271 2705 Geminus
1289 2683 1346 2714 per
1373 2672 1477 2714 urbes]
1510 2671 1624 2715 Argos
1653 2678 1691 2706 et

220 2734 288 2766 qua
304 2723 377 2765 pios
398 2727 598 2765 respectent
627 2723 778 2764 numina,
792 2723 822 2755 si
845 2723 928 2765 quid
980 2724 1126 2757 Thebas.

221 2774 376 2817 Usquam
392 2774 541 2816 justitiae
565 2773 640 2807 est!
683 2774 823 2807 Mavult
846 2784 927 2807 vero
1024 2779 1089 2808 370
1118 2777 1166 2809 Ea
1195 2750 1340 2818 munera]
1372 2775 1569 2817 Legationis
1599 2774 1689 2808 scili-

222 2825 444 2858 Bernartius:
469 2826 628 2858 dimittere
652 2826 680 2858 si
700 2829 828 2868 qua‚ut
849 2835 927 2858 sen·
980 2831 1051 2859 cet.
