1820 3068
210 201 297 245 622

213 307 416 359 Cardine,
437 320 563 362 quem
585 308 715 361 porta
733 317 914 360 vergens
935 310 1202 361 prospectat
1218 305 1350 350 lbera
1364 309 1386 350 'l

213 375 429 430 Quasque
448 374 604 430 procul
624 377 762 416 terras
776 374 956 428 obliquo
972 374 1126 417 sidere
1146 376 1290 430 tangit

210 443 372 494 Avius,
394 448 469 485 aut
489 443 637 484 Borea
651 442 833 496 gelidas,
853 442 1079 484 madidive
1097 447 1304 498 tepentes

210 512 319 566 Igne
341 511 485 553 Noti?
518 509 687 564 quidsi
707 510 854 565 Tyriae
877 509 1140 566 Phrygiaeve
1162 513 1245 554 sub
1265 526 1403 555 unum

213 579 539 622 Convectentur
556 579 699 633 opes'l
728 578 831 620 loca
849 578 958 629 dira,
979 591 1192 634 arcesque
1210 581 1412 624 nefandae

712 211 754 243 P.
783 210 977 242 PAPINI!
1008 210 1175 243 STA'rn

1585 433 1697 507 160]

210 689 350 721 occideris
372 689 519 730 Hispano
531 689 658 720 cardine
668 691 682 720 ?
703 694 735 721 et
758 689 789 720 si
809 692 988 730 peterentur
1002 699 1047 721 eae
1060 691 1214 730 regiones,
1235 701 1312 732 quas
1325 691 1456 724 dissitus
1555 703 1573 726 e
1585 692 1671 730 serit

211 732 346 773 obliquis
358 733 472 771 radiis,
493 736 547 764 aut
562 733 702 772 rigentes
715 732 881 773 Aquilone,
901 737 956 764 out
971 733 1154 774 flag-rantes
1167 735 1278 766 ardore
1289 735 1424 776 pluviosi
1441 735 1538 769 Noti.
1583 737 1671 774 Quid

211 777 241 808 si
252 786 324 818 opes
340 775 506 818 Tyriorum
526 775 752 818 Phrygemque
766 776 801 808 in
814 776 907 807 unius
916 779 1101 817 potestatem
1114 780 1364 819 comportentur?
1398 778 1567 813 Horrenda
1592 781 1674 822 loco,

814 871 1058 885 ‘unm-‘00‘

213 935 376 968 Heinsius
392 936 434 968 ad
451 936 556 971 Ovid.
569 938 664 970 Fast.
687 947 747 970 ιιι.
763 940 839 970 399.
855 947 898 969 ex
914 939 1024 970 veteri
1041 938 1161 971 codice
1177 939 1279 980 legit:
1302 943 1558 973 emersum—168
1579 941 1671 973 'ran-

213 980 275 1011 rin.
303 980 428 1012 Behot.
454 981 547 1012 Dan.
571 981 693 1012 Petav.
715 990 834 1012 omnes
859 982 1006 1020 Bartlui,
1031 991 1118 1013 unus
1143 983 1341 1020 Burmanni,
1367 984 1438 1022 alii,
1463 993 1540 1015 cum
1565 982 1670 1017 Aldd.

214 1023 326 1055 Coliu.
343 1023 475 1064 Gryph.
492 1023 596 1056 Basil.
612 1024 724 1055 Plant.
737 1029 774 1055 et
786 1024 929 1056 Gevart.
941 1028 1037 1066 portu
1050 1035 1184 1065 vergens
1195 1029 1370 1067 prospectat
1385 1027 1497 1064 Ibero;
1513 1027 1671 1060 Petrens.

212 1075 315 1098 vero:
337 1070 428 1107 porta
442 1077 572 1106 vergens
591 1070 766 1107 prospectat
779 1067 873 1099 Ibero
885 1078 898 1106 ,-
919 1067 1007 1109 quod
1022 1077 1066 1099 ex
1081 1068 1281 1110 conjectura
1306 1069 1448 1101 Gruteri
1474 1070 1601 1111 primus
1617 1080 1671 1102 re-

213 1109 308 1150 cepit
323 1109 636 1141 Gronovius.—161
664 1109 772 1152 Tyriae
787 1110 1001 1152 Phrygiaeque
1014 1111 1152 1153 optimae
1168 1111 1301 1143 Bartliii
1317 1112 1533 1150 membranae,
1561 1117 1598 1145 et
1621 1114 1670 1146 sic

214 1153 301 1192 conj.
317 1151 495 1191 Jortinus;
519 1152 671 1196 Phrygiae
689 1153 850 1195 Tyn‘aeque
865 1154 950 1186 Exc.
967 1154 1112 1186 Cantab.
1133 1159 1171 1186 et
1197 1154 1308 1187 codex
1331 1155 1543 1196 Burtnauni3
1565 1157 1671 1198 Phry-

211 1195 277 1234 gioe
295 1195 438 1236 Tyrioeve
453 1195 575 1227 Bebot.
591 1202 627 1228 et
647 1196 696 1227 sic
718 1196 857 1237 legebat
875 1197 1032 1230 Lactant.
1080 1197 1184 1239 Tyr-ie
1199 1197 1389 1240 Phrygioeoe
1403 1198 1563 1231 Petrens.
1580 1200 1672 1233 Dan.

212 1239 338 1270 Petav.
352 1239 491 1270 Venett.
505 1241 537 1270 3.
553 1242 586 1271 4.
608 1238 712 1270 Aldd.
725 1239 837 1271 Colin.
853 1239 986 1281 Gryph.
997 1240 1104 1272 Basil.
1118 1240 1235 1273 Plant.
1250 1243 1426 1274 &zm—162
1443 1242 1672 1275 Conmentar-

212 1291 284 1322 opes
306 1282 363 1314 Fr.
386 1281 524 1314 Modius
551 1282 740 1325 Novantiq.
766 1282 881 1325 Epist.
907 1286 961 1316 52.
1010 1284 1236 1316 Οοηυενιεητιιν
1262 1285 1364 1317 Lour.
1393 1285 1538 1317 Venett.
1564 1285 1671 1318 Aldd.

870 1380 1010 1414 NOTAE

258 1445 322 1474 158
355 1443 470 1485 Porta]
506 1444 608 1485 Legit
636 1445 691 1477 hic
721 1445 916 1478 Gronovius

210 1497 315 1536 porta,
338 1503 405 1526 non
426 1498 536 1536 portu,
550 1501 588 1528 ut
603 1497 734 1529 habent
747 1497 918 1539 impressi,

213 1544 306 1586 quod
322 1545 426 1577 etiam
443 1545 595 1579 Grutero
617 1548 740 1589 visum,
764 1552 800 1580 et
815 1548 917 1580 bene.

215 1596 328 1628 Cardo
354 1596 443 1628 enim
466 1601 520 1629 est
546 1603 669 1639 portae,
695 1607 763 1630 non
785 1605 917 1640 portus.

214 1648 262 1680 Et
289 1648 339 1679 sic
363 1649 494 1680 Noster
511 1650 676 1682 Thebaid.
703 1660 740 1683 x.
765 1650 917 1683 ‘Obruit

214 1698 385 1740 Hesperia
393 1699 559 1732 Phoebnm
570 1710 638 1733 nox
648 1701 785 1733 humida
797 1701 916 1742 porta!

213 1749 415 1792 Prospectat]
430 1751 488 1782 Sol
511 1751 602 1783 enim
617 1752 731 1784 oriens
744 1753 916 1785 oceasum

213 1800 358 1841 respicit
376 1811 386 1833 ε
423 1811 500 1833 cum
536 1803 676 1844 occidit,
716 1809 917 1845 prospectat

214 1850 409 1884 Orientem.
454 1851 562 1894 lbera]
585 1853 677 1887 Quia
702 1853 832 1894 Iberia,
859 1854 916 1886 ho-

214 1901 271 1934 die
284 1901 463 1944 Hispania,
486 1904 599 1945 vergit
615 1904 658 1936 ad
674 1904 915 1937 Occidentem.

258 1954 322 1985 159
347 1953 480 1994 Obliquo
493 1954 612 1996 sidere]
637 1955 694 1987 Sol
718 1956 811 1987 enim
831 1955 916 1987 obii-

215 2001 291 2044 quis
307 2002 411 2034 radiis
430 2007 575 2046 tantum,
596 2015 664 2036 non
687 2005 917 2047 perpendicu-

212 2053 354 2094 laribus,
369 2054 507 2094 attingit
531 2055 591 2087 has
617 2056 784 2096 regiones,
799 2055 843 2088 ob
858 2055 917 2088 ob·

212 2103 408 2147 liquitatem
425 2106 588 2147 Sphaerae,
605 2107 638 2138 in
653 2117 718 2150 qua
733 2107 808 2140 sitae
824 2112 915 2139 sunt.

258 2157 321 2187 160
343 2155 460 2198 Anius]
484 2157 553 2189 Vel
578 2157 658 2199 quia
680 2157 724 2189 ab
741 2157 780 2189 iis
807 2157 916 2199 regio·

214 2205 314 2238 nibus
329 2207 378 2237 sol
394 2212 565 2247 semotus3
593 2208 649 2240 vel
671 2208 750 2249 quia
765 2218 831 2240 non
846 2218 916 2240 mo·

214 2261 318 2287 vetur
332 2256 452 2288 eodem
468 2262 576 2299 motu,
591 2267 703 2300 neque
718 2259 780 2290 sub
796 2258 914 2290 iisdem

214 2305 359 2346 circulo,
375 2310 411 2337 et
428 2306 529 2347 polis,
552 2313 591 2338 ut
613 2308 757 2349 primum
772 2308 916 2340 Mobile.

215 2355 323 2387 Borea
334 2355 474 2397 gelidas]
489 2357 619 2389 Boreas
644 2363 766 2391 ventus
793 2358 879 2391 flans
897 2369 919 2391 a

215 2406 483 2448 septemtrione,
507 2407 565 2449 qui
591 2413 715 2440 ventus
739 2407 916 2449 frigidissi-

215 2465 290 2487 mus
319 2461 398 2490 est:
430 2457 522 2489 unde
547 2459 673 2498 gelidas
697 2462 799 2491 terras
821 2460 917 2493 dicit.

216 2506 381 2540 Madidive
396 2502 548 2550 'tepentes
573 2509 655 2549 Igne
683 2509 780 2551 Noti]
810 2510 917 2542 Puta-

215 2555 302 2588 bant
319 2564 465 2600 veteres,
491 2560 658 2602 regiones,
679 2570 757 2603 quae
780 2566 918 2603 specta·

215 2606 302 2639 bant
331 2608 446 2649 polum
469 2609 720 2648 Antarcticum,
747 2616 917 2653 perpetuo

217 2655 333 2688 calore
371 2658 501 2699 vexari,
531 2660 619 2691 sicut
653 2660 817 2693 videbant
846 2670 916 2698 eas,

219 2715 294 2747 quae
306 2712 449 2748 vergunt
460 2708 502 2739 ad
515 2710 628 2750 polum
640 2710 831 2752 Arcticum,
843 2721 918 2753 per·

218 2762 322 2799 petuo
349 2759 428 2799 gelu
457 2761 593 2801 rigere3
619 2763 709 2795 unde
738 2763 812 2803 igne
836 2762 917 2795 Noti

971 1450 1110 1488 tepentes
1145 1446 1248 1491 dixi-t.
1307 1447 1422 1479 Notus
1465 1451 1581 1480 autem
1617 1453 1672 1481 est

970 1502 1093 1530 ventus
1125 1496 1211 1529 flans
1248 1507 1268 1529 a
1304 1497 1464 1529 Meridie.
1526 1498 1673 1540 Madidi]

970 1548 1061 1582 Quia
1079 1553 1202 1581 ventus
1227 1548 1286 1581 ille
1310 1549 1444 1590 pluvias
1474 1559 1514 1582 ac
1545 1548 1671 1583 imbres

970 1604 1145 1640 procreat.
1462 1631 1463 1634 ,

1014 1651 1075 1681 161
1102 1650 1189 1686 Quia
1210 1649 1240 1682 εἰ
1267 1649 1375 1692 Tyria.-
1401 1650 1591 1692 Phrygiaeue
1615 1651 1673 1682 sub

969 1709 1067 1731 unum
1093 1702 1322 1732 Convectentur
1348 1700 1435 1743 opes]
1467 1701 1544 1733 Hoc
1571 1700 1673 1742 dixit,

971 1749 1051 1791 quia
1067 1750 1162 1791 Tyrii
1177 1750 1398 1793 Phrygesque
1427 1750 1589 1783 ditissimi
1613 1752 1671 1783 ha-

970 1799 1048 1832 biti.
1091 1800 1212 1841 Primi,
1227 1806 1266 1832 ut
1282 1805 1431 1832 testatur
1447 1801 1671 1843 Philosophus

972 1855 1007 1883 et
1034 1850 1206 1884 Diodorus
1233 1851 1370 1883 Siculus
1401 1860 1444 1882 ex
1474 1851 1672 1892 Posidonio,

971 1912 1098 1943 magna
1111 1903 1244 1945 argenti
1269 1903 1302 1935 vi
1323 1913 1344 1935 e
1368 1904 1531 1936 Tartesso
1552 1904 1672 1944 allata,

971 1953 1015 1985 ad
1030 1953 1211 1986 immensas
1225 1963 1309 1995 opes
1320 1953 1415 1986 brevi
1430 1958 1673 1995 pervenerunt.

971 2003 1085 2035 Alteri
1110 2013 1205 2044 vero,
1230 2005 1273 2037 ob
1299 2004 1440 2045 Mydam
1463 2013 1593 2046 regem,
1613 2005 1673 2047 qui

971 2055 1084 2087 omnia
1105 2055 1141 2087 in
1170 2065 1288 2087 aurum
1316 2060 1453 2087 vertere
1478 2054 1670 2088 dicebatur.

971 2105 1072 2137 Unde
1088 2105 1130 2136 de
1146 2105 1187 2137 iis
1200 2106 1368 2138 Horatius
1383 2105 1488 2138 dicit:
1515 2107 1525 2123 ‘
1537 2106 1584 2137 Et
1599 2107 1672 2147 pin-

971 2157 1045 2197 guis
1059 2157 1224 2197 Phrygiae
1240 2156 1446 2198 Mygdonias
1461 2155 1567 2197 opes.’
1615 2157 1670 2188 De

969 2207 1058 2248 Tyro
1074 2206 1151 2238 vide
1166 2216 1273 2247 supra
1287 2216 1335 2237 vs.
1347 2209 1379 2238 ὃ.
1422 2205 1576 2247 Phrygia
1590 2215 1672 2239 vero

970 2261 1047 2288 erat
1075 2256 1252 2298 provincia
1276 2256 1370 2288 Asiae
1397 2255 1556 2297 Minoris,
1579 2256 1672 2289 inter

970 2307 1120 2348 Cariam,
1141 2306 1296 2348 Lydiam,
1321 2307 1480 2348 Mysiam,
1494 2312 1531 2340 et
1551 2307 1671 2349 Bithy-

969 2358 1058 2390 niam
1074 2358 1344 2400 comprehensa:
1364 2367 1508 2400 quarum
1522 2359 1671 2391 omnium

969 2408 1055 2441 fines
1083 2409 1132 2441 ita
1158 2407 1430 2449 confunduntur,
1457 2413 1494 2439 ut
1519 2408 1576 2439 vix
1602 2408 1672 2442 dis-

971 2459 1066 2491 cerni
1091 2459 1232 2500 possint.
1277 2458 1318 2490 ln
1342 2468 1385 2490 ea
1404 2462 1539 2490 montes
1552 2457 1619 2490 Ida
1634 2465 1671 2491 et

970 2509 1124 2550 Tmolus,
1154 2514 1191 2541 et
1220 2509 1386 2541 Pactolus
1414 2506 1551 2541 fluvius.
1604 2507 1671 2540 Sub

970 2559 1080 2600 unum]
1094 2559 1134 2591 Id
1149 2563 1214 2596 est,
1226 2558 1279 2590 vel
1294 2557 1358 2590 sub
1370 2567 1472 2589 unum
1485 2558 1670 2598 cumulum,

970 2610 1022 2641 ita
1045 2615 1082 2641 ut
1112 2618 1214 2641 uuum
1238 2609 1409 2641 cumulum
1433 2607 1667 2640 conficerent:

971 2660 1026 2692 vel
1041 2660 1102 2692 sub
1119 2660 1216 2692 unius
1234 2663 1455 2701 potestatem.

1015 2714 1077 2744 162
1099 2711 1183 2743 Loca
1216 2710 1302 2750 dira,
1332 2719 1477 2751 arcesque
1510 2709 1669 2751 affunde]

970 2761 1166 2794 sceleribus
1193 2761 1327 2794 scilicet
1357 2759 1490 2802 OEdipi.
1525 2759 1671 2798 ‘Decla-
