1820 3068
242 275 328 318 814
746 286 788 316 P.
820 285 1012 317 PAP1N11
1048 286 1214 318 s'rA'rn

244 382 329 424 Ibo
348 382 493 423 libens
515 384 751 435 certusque
772 381 913 423 mori:
942 381 1053 423 licet
1072 382 1240 435 optima
1259 382 1426 438 conjux

243 449 524 504 Auditusque
544 449 704 491 iterum
725 453 904 491 revocet
925 462 1078 492 socer:
1109 450 1225 492 hunc
1246 464 1327 505 ego
1344 451 1530 502 Thebis,

244 517 397 568 Hunc,
418 529 639 571 germane,
662 517 742 558 tibi
757 517 975 572 jugulum,
999 521 1043 560 et
1063 518 1159 569 tibi,
1178 520 1375 561 maxime
1394 519 1568 576 TydeU,
1626 518 1713 561 :380

244 585 420 627 Debeo.
484 583 560 625 Sic
581 584 717 626 variis
738 588 973 639 praetentat
988 590 1171 639 pectora
1189 586 1339 638 dictis,

245 651 547 707 Obliquatque
565 665 748 706 preces:
776 658 1016 696 commotae
1038 654 1268 708 questibus
1290 655 1370 698 irae

244 719 304 762 Et
319 720 489 761 mixtus
507 720 721 774 lacrymis
743 721 879 763 caluit
900 719 1054 763 dolor:
1086 722 1291 763 omnibus
1309 722 1426 764 ultro

245 787 350 830 Non
365 787 582 842 juvenum
602 787 754 838 modo,
774 787 853 830 sed
874 787 1035 841 gelidis
1055 791 1099 830 et
1119 788 1334 830 inertibus
1354 801 1455 832 aevo

245 855 511 897 Pectoribus
529 868 655 898 mens
676 868 767 897 una
788 855 924 906 subit,
941 855 1124 897 viduare
1144 859 1343 910 penates,
1628 857 1715 900 385

248 921 484 965 Finitimas
506 922 712 965 adhibere
727 935 910 965 manus:
934 921 1118 977 jamque
1139 923 1219 965 ire.
1268 922 1360 965 Sed
1380 923 1499 966 altus

246 1054 342 1086 oculis
355 1054 549 1088 intueantur.
600 1055 722 1087 Vadam
735 1055 851 1096 volens,
866 1059 899 1087 et
911 1057 1015 1087 certus
1028 1055 1152 1096 perire,·
1166 1055 1307 1096 quamvis
1317 1057 1436 1098 optima
1450 1067 1542 1098 uxor,
1567 1061 1598 1090 et
1611 1067 1710 1100 socer,

243 1097 372 1136 cuijam
385 1098 488 1139 parvi,
503 1098 619 1130 iterum
630 1107 678 1130 me
692 1099 842 1130 retineat.
890 1098 984 1130 Hanc
998 1099 1095 1129 citam
1113 1098 1236 1139 Theoi-⁹,
1251 1099 1331 1131 ham:
1338 1099 1448 1139 frater
1467 1100 1527 1132 tibi
1551 1101 1656 1141 debeo,
1679 1105 1713 1133 et

245 1141 305 1172 tibi
321 1141 518 1182 mag-mmime
536 1142 653 1183 Tydeu.
697 1141 754 1173 Sic
768 1141 910 1182 explorat
925 1144 1043 1173 mentes
1055 1142 1188 1173 diversis
1201 1142 1318 1182 verbis,
1333 1146 1366 1175 et
1378 1143 1488 1182 jactat
1502 1144 1575 1175 hinc
1591 1148 1621 1176 et
1636 1144 1709 1176 hinc

241 1193 359 1224 preces.
406 1184 571 1216 Concitoe
558 1195 618 1216 ινα
633 1184 682 1216 his
695 1186 842 1226 querelis,
867 1187 899 1216 et
911 1185 999 1216 dolor
1013 1184 1271 1226 mz'oetusfletibus
1285 1184 1441 1227 efferbuit.
1484 1186 1574 1218 Idem
1587 1187 1710 1219 animus

242 1227 328 1258 ultro
345 1227 465 1259 invadit
481 1228 617 1260 omnium
633 1230 742 1267 corda,
761 1238 822 1259 non
836 1230 960 1259 tantum
965 1227 1128 1266 juvenum,
1151 1228 1205 1259 sed
1219 1228 1314 1259 etiam
1328 1228 1503 1270 effoetorum
1517 1239 1637 1270 senum,
1660 1230 1715 1262 de-

244 1270 368 1301 serendi
382 1271 498 1311 domos,
521 1274 553 1302 et
575 1271 751 1303 assumendi
765 1270 885 1302 vicinas
904 1270 1021 1312 copias,
1036 1281 1072 1302 ac
1083 1270 1156 1310 jam
1165 1271 1395 1314 proficiscendi.
1439 1272 1505 1305 Sed
1528 1276 1621 1314 pater
1632 1282 1711 1315 pru-

862 1366 1040 1380 ”cO-eote&
1043 1367 1059 1379 O
1062 1367 1079 1379 0
1082 1367 1102 1379 0

246 1431 333 1463 Exc.
362 1430 509 1463 cantab.
535 1430 625 1463 alter
651 1431 776 1464 Behot.
806 1401 949 1482 ᾼιιιειξί.
976 1431 1129 1465 Gronov,
1153 1433 1274 1465 Barth.
1289 1433 1399 1465 Veen.
1415 1437 1454 1466 et
1475 1432 1543 1465 Del
1548 1433 1712 1475 phi—3⁷8

247 1474 405 1506 Petrens.
422 1480 459 1506 et
476 1474 619 1507 Venett.
642 1475 731 1507 obvia
756 1485 894 1515 commu
916 1480 953 1507 et
976 1475 1026 1507 sic
1044 1475 1150 1508 etiam
1173 1476 1259 1507 Exc.
1283 1475 1427 1508 Cantab.
1455 1486 1516 1517 pro
1534 1486 1565 1508 v.
1579 1476 1712 1510 l.—379

244 1517 442 1548 ‘Versum
434 1527 470 1549 m
484 1517 604 1550 morbo
619 1517 760 1558 cubare,
776 1528 840 1559 ego
864 1518 908 1549 de
925 1517 978 1550 via
992 1518 1144 1550 medicus
1171 1519 1377 1560 pronuntio;
1401 1518 1460 1550 sed
1486 1518 1672 1551 destitutus
1693 1530 1714 1551 a

244 1560 352 1599 libris,
376 1560 583 1603 AEsculapiis
613 1560 801 1592 curandum
833 1560 1012 1602 relinquo)
1045 1561 1142 1593 Bern-
1145 1564 1252 1593 —380
1275 1562 1372 1593 Unus
1401 1562 1526 1593 Behot.
1554 1563 1624 1594 hem
1652 1562 1713 1594 tibi

245 1604 532 1635 maxima-381¹
562 1604 603 1635 In
625 1604 858 1644 manuscripto
881 1604 1012 1645 optimo
1038 1604 1365 1645 est,perreptat,i11i
1391 1605 1495 1636 alteri
1519 1604 1714 1647 (pertentat)

246 1646 491 1688 subscriptum.
536 1646 663 1678 Melius
691 1647 748 1678 alii
774 1646 968 1688 praetentat!
995 1647 1116 1678 Barth.
1145 1650 1304 1688 pertentat
1343 1646 1472 1679 habent
1501 1648 1596 1680 Dan.
1630 1648 1710 1681 Put.

246 1689 370 1721 Petav.
396 1690 503 1731 Lang.
529 1690 633 1722 Lanr.
662 1689 811 1731 Lipsian.
835 1689 967 1721 Buslid.
994 1695 1139 1731 uterque
1168 1690 1292 1722 Behot.
1315 1691 1456 1722 Venett.
1486 1691 1584 1723 Rom.
1608 1689 1716 1723 Aldd.

245 1732 357 1765 Colin.
396 1732 467 1774 Gry
474 1733 529 1773 ph
558 1733 665 1764 Basil.
695 1736 730 1764 et
758 1732 874 1765 Plant.
901 1735 1071 1773 praetentat
1094 1733 1202 1764 ceteri
1225 1732 1328 1765 codd.
1352 1742 1431 1765 cnm
1458 1731 1538 1766 edd.
1566 1732 1715 1765 Gevart.

247 1775 408 1808 Grasser.
448 1775 596 1807 Amstel.
630 1775 783 1808 Gronov.
806 1776 927 1807 Barth.
962 1777 1071 1807 Veen.
1102 1780 1138 1806 et
1177 1776 1409 1817 Deum—383
1444 1776 1639 1808 Commixtus
1669 1776 1715 1807 la-

246 1818 361 1861 crymis
392 1819 532 1860 optimae
561 1818 697 1851 Barthii
727 1818 951 1851 membranae.
995 1817 1094 1850 Idem
1123 1818 1284 1851 Barthius
1315 1828 1378 1862 pro
1412 1818 1508 1851 caluit
1542 1819 1716 1861 conjecta-

911 1920 1059 1954 NOTAE

248 1985 322 2017 rins
334 1985 480 2017 Flaccus
496 1984 556 2017 lib.
573 1995 598 2017 ι.
636 1989 645 2004 ¹
659 1985 736 2018 Nec
746 1986 819 2027 jam
836 1984 958 2016 merito
1056 1986 1119 2016 383
1143 1984 1188 2015 Et
1203 1984 1323 2016 mixtus
1337 1984 1486 2026 lacrymis
1499 1984 1597 2016 caluit
1612 1983 1718 2025 dolor]

247 2036 460 2078 fibiffiphy,
472 2037 625 2078 quietum
638 2036 718 2068 Ulla
731 2045 854 2078 parens
867 2036 961 2068 volet
1013 2034 1124 2066 Dolor
1140 2034 1276 2076 injuriae
1292 2034 1451 2076 Polynici
1474 2033 1576 2067 factae
1604 2034 1718 2076 lacry-

248 2089 416 2130 Elysium,
432 2098 615 2130 manesque
628 2087 786 2129 piorum!
1013 2095 1085 2116 mas
1102 2085 1257 2117 omnibus
1277 2085 1452 2125 movebat,
1474 2085 1642 2126 simulque
1667 2084 1718 2116 ul-

291 2142 356 2171 3⁷8
381 2140 512 2181 Optima
535 2139 664 2181 coniux]
688 2139 837 2173 Quidam
862 2138 957 2171 codi-

248 2198 307 2223 ces
325 2201 334 2221 :
358 2190 460 2222 obvia.

292 2243 359 2272 379
380 2240 579 2282 Auditus-que
592 2241 710 2273 iterum
723 2244 846 2273 revocet
855 2240 957 2282 socer]

249 2291 342 2324 Hine
375 2291 539 2324 discimus
584 2291 788 2334 Polynicem
822 2292 957 2324 Thebas

247 2345 300 2376 ire
315 2344 472 2381 voluisse,
489 2343 551 2377 sed
567 2343 775 2385 prohibitum
795 2353 815 2375 a
836 2353 957 2382 socero

248 2395 372 2427 fuisse.

293 2448 357 2477 382
384 2444 595 2486 Obliquatque
604 2443 724 2486 preces]
743 2443 783 2475 1d
797 2447 865 2483 est,
881 2453 959 2485 pre·

252 2495 350 2527 cibus
367 2494 601 2537 praetentabat
623 2503 694 2531 eos,
710 2493 768 2535 qui
793 2493 834 2525 ad
850 2494 961 2525 latera

253 2547 325 2588 ejus
355 2545 529 2578 astabant.
575 2545 723 2579 Quidam
761 2544 958 2585 explicant:

255 2597 426 2639 obliquare
439 2605 559 2637 preces,
574 2599 628 2627 est
644 2604 706 2636 per
721 2595 881 2636 ambages
898 2594 958 2626 ali-

253 2647 334 2689 quid
349 2657 482 2688 rogare,
498 2651 537 2678 ut
560 2646 674 2678 solent
699 2645 756 2687 qui
775 2655 846 2677 rem
864 2644 958 2676 inho-

253 2703 400 2740 nestam,
413 2699 467 2730 vel
477 2697 572 2731 factu
583 2697 758 2729 difficilem
772 2697 959 2738 impetrare

253 2750 383 2782 volunt.
424 2748 605 2789 Cmnmotoe]
630 2749 801 2781 Omnibus
827 2748 962 2780 scilicet

254 2799 487 2832 audientibus,
549 2799 735 2841 Questibus]
775 2799 872 2841 Ejus,
900 2808 960 2831 sen

254 2851 429 2893 Polynicis
447 2850 593 2883 scilicet.

1011 2138 1115 2170 tionis
1128 2138 1251 2170 ardore
1262 2138 1399 2170 accensi
1409 2142 1488 2170 sunt
1498 2147 1626 2170 omnes.
1643 2138 1720 2169 Om-

1009 2189 1101 2221 nibus
1124 2190 1219 2229 ultro,
1235 2188 1306 2231 εμπ]
1330 2189 1388 2220 Ita
1412 2188 1610 2229 Polynices,
1636 2187 1718 2219 dum

1009 2244 1124 2271 astute
1141 2240 1278 2271 simulat
1298 2239 1389 2271 nolle
1414 2238 1557 2279 auxilia,
1578 2236 1614 2269 id
1636 2237 1721 2280 egit,

1012 2294 1051 2322 ut
1065 2294 1270 2322 mereretur.

1055 2342 1118 2371 386
1132 2341 1230 2372 Altus
1245 2338 1410 2380 Consiliis]
1423 2337 1465 2370 Id
1479 2342 1532 2370 est
1541 2336 1650 2375 βαθὺς,
1663 2338 1718 2370 vel

1012 2390 1230 2431 βαθν-γνῶμων.
1265 2391 1318 2422 Ex
1333 2399 1377 2422 eo
1392 2389 1490 2421 dicta
1510 2390 1520 2408 ⁴
1533 2388 1718 2431 profundae

1012 2441 1138 2473 mentis
1185 2441 1330 2473 consilia
1341 2440 1350 2456 ’
1396 2439 1611 2474 Quintiliano
1648 2439 1717 2471 De-

1013 2492 1111 2524 clam.
1124 2494 1178 2524 18.
1204 2489 1456 2523 Graeci‘Posstae
1465 2488 1716 2529 βυσσοδομεύειν.

1011 2542 1229 2574 Translatnm
1245 2540 1383 2573 dicendi
1399 2550 1505 2581 genus
1517 2550 1537 2571 a
1552 2539 1647 2571 cultu
1665 2548 1719 2572 ans

1013 2603 1132 2625 vorum
1168 2592 1347 2624 declarant
1373 2590 1524 2632 AEschyli
1553 2589 1597 2621 de
1635 2589 1716 2622 Am·

1014 2643 1154 2684 phiarao
1170 2642 1343 2680 versiculi,
1359 2645 1398 2673 ut
1413 2641 1574 2673 observat
1589 2641 1716 2672 Casan-

1013 2693 1146 2725 bonus:
1170 2693 1301 2725 Βαθεῖαν
1315 2691 1416 2723 ἄλοκα
1439 2692 1497 2729 τῆς
1516 2689 1626 2732 φρενὸς
1643 2702 1718 2732 καρ-

1011 2743 1175 2786 πούμενος,
1186 2744 1237 2784 Ἐξ
1250 2741 1287 2780 ἧς
1298 2743 1340 2775 τὰ
1358 2741 1450 2774 κεδνὰ
1462 2739 1636 2779 βλαστάνει
1645 2743 1718 2778 βου-

1012 2794 1165 2834 λεύματα.
1210 2794 1342 2826 Habeas
1370 2793 1562 2834 pmfundum
1599 2793 1718 2825 malcum

1013 2847 1137 2883 mentis,
1149 2856 1190 2878 ex
1204 2856 1260 2888 quo
1272 2847 1426 2887 proeclara
1439 2844 1567 2878 consiliu
1573 2844 1708 2887 florent.
