1820 3068
248 210 362 252 1056
749 219 792 250 P.
825 218 1016 251 ΡΑΡιΝιι
1051 216 1216 251 srA'rn

249 306 439 359 Ducitur
459 319 562 357 ante
585 327 738 356 omnes
756 316 903 358 rutilae
921 315 1180 358 manifestus
1203 315 1344 358 Arion

249 384 358 438 Igne
371 383 498 437 jubae
517 397 527 425 :
559 382 799 438 Neptunus
819 396 952 439 equo,
974 384 1014 426 si
1033 387 1152 425 certa
1171 384 1368 438 priorum

251 452 409 502 Fama,
429 455 559 505 pater
576 464 585 493 :
616 451 785 504 primus
805 451 970 493 teneris
989 451 1167 493 laesisse
1187 451 1356 505 lupatis

252 519 361 570 Ora,
380 522 424 561 et
442 520 615 561 littoreo
636 519 883 560 domitasse
901 519 947 560 in
967 519 1146 573 pulvere
1165 520 1316 569 fertur,

250 587 526 630 Verberibus
544 599 731 642 parcens
750 600 761 628 ε
794 586 955 628 etenim
976 586 1209 628 insatiatus
1230 586 1363 628 eundi

252 654 416 706 Ardor,
435 658 479 696 et
495 655 691 709 hyberno
710 668 791 709 par
806 654 1102 697 inconstantia
1124 658 1283 708 ponto.

254 723 388 777 Saepe
405 736 485 776 per
506 722 685 764 Ionium
707 722 1013 777 Libycumque
1032 722 1291 763 natantibus
1311 722 1374 763 ire

253 791 556 845 Interjunctus
579 791 724 847 equis,
748 803 987 844 omnesque
1009 794 1219 832 assuetus
1238 790 1283 831 in
1305 802 1406 831 oras

254 858 507 900 Coeruleum
528 858 694 899 deferre
716 863 887 913 patrem
904 871 914 899 ε
946 862 1152 912 stupuere
1173 858 1330 900 relicta

255 925 439 975 Nubila,
458 929 680 966 certantes
701 925 892 979 Eurique
917 924 1117 979 Notique
1134 929 1385 980 sequuntur.

255 992 358 1034 Nec
379 992 524 1034 minor
545 992 589 1033 in
610 993 736 1034 terris
758 993 876 1034 bella
897 992 1147 1047 Eurysthea
1166 998 1390 1046 gerentem

1631 587 1718 643 305

1636 925 1723 967 310

250 1113 366 1154 proelia
379 1113 413 1145 in
427 1123 490 1145 una
504 1113 574 1154 ripa
577 1114 762 1152 furentibus
776 1115 887 1147 ventis.
938 1114 1078 1147 Ducitur
1089 1114 1192 1147 Arion
1206 1118 1281 1147 ante
1294 1124 1397 1148 omnes
1407 1116 1619 1156 agnoscendus
1626 1115 1724 1159 flacce

246 1156 335 1194 juboe
346 1156 487 1197 fulgore.
534 1156 697 1197 Neptunus
716 1157 759 1198 (si
773 1158 904 1196 majores
918 1168 1025 1190 verum
1037 1157 1196 1200 referunt)
1211 1169 1322 1199 equum
1336 1159 1415 1191 hunc
1427 1158 1602 1198 generavi&
1646 1159 1723 1190 Pri-

256 1209 325 1230 mus
339 1199 457 1230 dicitur
471 1209 525 1230 ora
536 1199 622 1230 illius
636 1200 812 1231 contudisse
827 1200 967 1232 mollibus
977 1202 1104 1241 lupatis,
1126 1204 1158 1232 et
1172 1211 1242 1232 eum
1255 1201 1414 1241 subegisse
1427 1201 1462 1232 in
1475 1201 1603 1233 littorea
1616 1210 1724 1240 arena,

251 1251 346 1283 parce
363 1242 529 1283 flagellum
543 1242 692 1274 adhibens
703 1254 713 1274 .·
736 1243 849 1274 etenim
874 1247 943 1275 erat
963 1243 1012 1275 illi
1038 1243 1234 1284 inexplebilis
1259 1244 1406 1276 currendi
1419 1244 1543 1284 fervor,
1566 1247 1598 1275 et
1611 1244 1725 1275 similis

253 1285 387 1326 impetus
402 1285 538 1326 hyemali
560 1285 681 1325 pelago.
727 1285 816 1327 Soepe
829 1287 939 1318 solitus
955 1289 1024 1317 erat
1038 1296 1163 1318 currere
1183 1297 1239 1328 per
1256 1287 1379 1318 Ionium
1403 1290 1434 1320 et
1450 1286 1603 1328 Libycum
1625 1296 1724 1325 mare,

247 1326 386 1366 jugatus
399 1327 482 1359 inter
496 1330 641 1359 natantes
655 1338 758 1369 equos,
781 1333 811 1360 et
824 1329 935 1360 ducere
947 1332 1071 1369 patrem
1085 1329 1120 1361 in
1145 1339 1249 1361 omnes
1268 1331 1380 1372 plagas
1391 1340 1402 1361 .-
1424 1330 1608 1361 transmissa
1619 1329 1725 1360 nubila

255 1371 373 1402 mirata
386 1373 460 1401 sunt
485 1373 673 1412 currentem,
694 1374 726 1403 et
751 1373 974 1403 contendentes
988 1372 1095 1404 Eurus
1118 1375 1149 1404 et
1166 1373 1272 1405 Notus
1286 1375 1466 1414 sequuntur.
1513 1372 1583 1404 Nec
1595 1371 1726 1410 inferior

873 1465 972 1480 ΝΟΙΟ
976 1467 1070 1480 ΟΙΝΟ
1075 1467 1113 1480 00

256 1537 293 1570 in
306 1540 502 1570 unca—302
527 1538 690 1579 Neptunus
711 1540 782 1580 equi
805 1540 898 1571 Dan.
927 1539 958 1571 si
972 1540 1071 1572 Fama
1083 1539 1225 1580 priorum
1239 1538 1401 1570 Barthius
1417 1547 1459 1570 ex
1474 1537 1724 1579 ‹mamm—303

259 1582 360 1613 Fama
372 1584 462 1622 patet
477 1582 583 1622 Leng.
597 1583 698 1614 Laur.
720 1582 851 1615 Buslid.
869 1583 1019 1623 Lipsian.
1035 1583 1124 1614 Dan.
1140 1582 1223 1613 Pur.
1235 1581 1515 1613 Petav.Behott.
1530 1584 1560 1613 1.
1572 1583 1605 1612 2.
1622 1579 1727 1613 Aldd.

260 1624 370 1656 Colin.
389 1624 522 1666 Gryph.
540 1625 645 1656 Basii.
660 1625 774 1657 Plant.
790 1628 855 1657 &c.
881 1626 980 1657 Fama
993 1629 1085 1666 pater
1100 1625 1253 1657 Gronov.
1270 1629 1307 1656 et
1322 1625 1402 1657 Nic.
1421 1624 1583 1656 Heinsius
1599 1623 1633 1654 in
1655 1621 1726 1654 Ad-

258 1676 349 1700 vers.
371 1667 434 1698 lib.
451 1676 494 1698 11.
519 1677 597 1708 cap.
615 1670 645 1699 1.
674 1677 708 1708 p.
722 1671 798 1700 206.
841 1668 936 1707 Vera,
956 1672 1046 1709 pater
1075 1668 1237 1700 Barthius
1261 1677 1304 1699 ex
1333 1667 1475 1708 optimo.
1520 1667 1590 1698 Pro
1609 1666 1728 1698 loesisse

261 1709 342 1742 Nic.
355 1710 521 1742 Heinsius
536 1710 559 1740 Ι.
575 1710 599 1741 Ι.
624 1711 743 1742 scribit
767 1715 804 1742 et
830 1710 990 1742 defendit
1014 1713 1245 1742 rasisse—305
1277 1708 1464 1742 Vulneribus
1483 1718 1616 1751 parcens
1636 1709 1726 1748 opti-

259 1762 334 1784 mus
352 1753 681 1784 Barthianus.-307
705 1753 802 1784 Unus
825 1754 950 1785 Behot.
977 1763 1040 1793 pro
1055 1754 1102 1784 ire
1117 1753 1399 1784 habaina—308
1423 1752 1634 1784 Inter-vinctus
1659 1751 1726 1782 Be-

188 1826 191 1829 *
258 1795 348 1827 hott.
366 1798 396 1827 1.
412 1798 447 1827 2.
468 1795 624 1837 omnisque
641 1805 726 1828 unus
753 1796 878 1829 Behot.
902 1797 991 1828 Dan.
1019 1796 1100 1828 Put.
1133 1801 1169 1828 et
1196 1796 1431 1827 Petam-309
1455 1795 1630 1828 Coeruleum
1654 1803 1726 1835 per-

926 1891 1071 1925 NOTAE

304 1965 367 1994 3οι
405 1960 524 2003 Arion]
558 1961 697 1994 Adrasti
724 1973 842 2005 equus,
870 1964 968 2005 cnjus

261 2018 362 2056 pater
377 2013 575 2054 Neptunus,
593 2017 702 2044 mater
718 2014 834 2045 Ceres.
880 2015 971 2047 Vide

1067 1964 1132 1994 309
1157 1960 1330 1994 Caeruleum
1340 1962 1480 2003 patrem]
1503 1961 1727 2003 Neptunum:

1025 2013 1085 2045 Dii
1112 2012 1203 2044 enim
1230 2012 1516 2044 marini-‘coeruleo
1537 2012 1652 2044 colore
1675 2021 1730 2043 re·

259 2064 481 2097 Pausaniam.
525 2062 755 2105 Apollodorus
768 2064 854 2096 dicit
868 2066 973 2097 Cere·

261 2124 333 2146 rem
359 2115 393 2146 in
418 2113 578 2155 Erinnyis
602 2113 745 2145 formam
759 2113 864 2146 fuisse
889 2125 970 2147 con-

260 2176 408 2207 versam,
438 2175 514 2197 eum
547 2165 714 2207 Neptuno
743 2167 970 2199 concumben-

263 2221 344 2250 tem.
829 2227 831 2229 ’

305 2271 369 2300 303
396 2268 512 2309 Pater]
535 2267 733 2309 Legendnm
747 2268 877 2308 est'sic,
893 2278 969 2300 cum

263 2323 368 2351 antea
379 2323 469 2360 pacet
489 2319 581 2350 nullo
602 2327 703 2350 sensu
726 2319 894 2351 haberent
909 2318 970 2350 im·

263 2369 387 2411 pressi.

306 2422 373 2452 306
394 2419 515 2461 Ardor]
533 2414 679 2461 Supple,
695 2419 773 2452 fuit.
799 2421 847 2453 Et
861 2421 973 2462 hyber-

263 2480 302 2502 no
316 2479 375 2511 par
389 2470 601 2502 inconstantia
613 2470 722 2511 ponto]
740 2470 782 2502 Id
798 2475 852 2502 est
862 2482 872 2502 ε
901 2471 973 2502 Sic-

265 2525 305 2553 ut
327 2531 422 2553 mare
437 2531 500 2563 per
516 2522 672 2563 hyemem
686 2522 741 2553 vel
765 2521 898 2553 modico
913 2520 973 2553 fla-

265 2575 302 2603 tu
316 2571 481 2613 agitatur,
498 2571 548 2603 sic
566 2570 673 2603 Arion
688 2572 743 2603 vel
759 2571 898 2603 minimo
914 2570 973 2603 fla·

265 2621 348 2663 gelli
363 2621 509 2653 verbere
526 2620 750 2653 efferabatur.

309 2673 374 2703 ³⁰⁷
396 2671 536 2713 Ionium]
560 2671 823 2712 Suppie,mare.
874 2672 971 2715 Liby-

266 2720 350 2761 cum]
366 2721 480 2761 Marc,
495 2721 585 2763 quod
602 2721 701 2753 alluit
716 2731 810 2754 oram
827 2722 970 2760 Africa,

268 2780 345 2813 quae
362 2770 498 2803 Graeeis
514 2771 622 2812 Libye
634 2771 770 2805 dicitur.

1024 2067 1291 2106 praesentantur.

1067 2118 1131 2147 310
1158 2114 1238 2146 Euri
1262 2113 1413 2156 Notique]
1443 2113 1564 2151 Venti,
1586 2113 1629 2145 de
1654 2112 1728 2155 qni-

1024 2166 1088 2198 bus
1101 2165 1249 2196 diximus
1267 2174 1368 2205 supra
1383 2165 1498 2196 multis
1512 2164 1545 2196 in
1561 2164 1657 2196 locis.

1067 2217 1128 2246 311
1162 2214 1356 2256 Eurysthea]
1392 2214 1497 2247 Jussu
1535 2214 1731 2256 Eurysthei.

1025 2266 1236 2307 Eurystheus
1249 2265 1405 2297 Stheneli
1420 2264 1521 2306 filius,
1534 2275 1595 2297 rex
1612 2265 1731 2306 Myce·

1025 2326 1159 2355 narum,
1175 2315 1230 2347 cui
1253 2314 1425 2347 Hercules
1446 2315 1587 2347 oraculo
1609 2315 1730 2356 parere

1019 2367 1138 2408 jussus
1155 2370 1220 2398 est.
1253 2365 1318 2398 Ille
1335 2359 1521 2398 Herculem
1539 2365 1580 2397 ad
1596 2364 1736 2397 diffieil-·

1026 2417 1106 2448 lima
1116 2416 1427 2459 qnaequeadeunda
1439 2416 1592 2458 pericula
1599 2415 1732 2458 adegit,

1027 2473 1122 2500 ratus
1149 2467 1183 2498 in
1213 2476 1280 2499 uno
1299 2467 1435 2499 tandem
1460 2476 1576 2499 eorum
1605 2467 1733 2508 peritu-

1026 2528 1113 2558 rum,
1123 2518 1184 2550 sed
1198 2518 1368 2550 Hercules
1381 2518 1506 2550 eximia
1515 2516 1732 2556 fortitudine,

1026 2574 1097 2601 tnm
1114 2569 1266 2610 corporis
1293 2578 1368 2601 curn
1395 2568 1512 2609 animi,
1533 2568 1731 2608 virtuteque

1026 2619 1196 2661 superior,
1212 2629 1254 2651 ex
1270 2618 1427 2651 omnibns
1438 2618 1562 2659 evasit,
1577 2616 1729 2659 gloriosi-

1023 2680 1143 2713 orque.
1171 2671 1267 2703 Bella
1281 2669 1476 2711 Eurysthea]
1497 2667 1649 2701 Labores
1665 2667 1731 2702 sibi

1025 2721 1069 2754 ab
1085 2721 1278 2762 Eurystheo
1293 2720 1483 2762 impositos.
