1820 3068
258 199 347 243 862
762 212 802 242 ι».
835 210 1031 243 naemu
1064 213 1236 245 STA'rit

257 305 405 357 Neris,
426 312 472 348 et
491 306 656 360 ingenti
677 307 846 349 turritae
867 307 986 350 mole
1007 307 1204 362 Cleonae,

259 375 319 417 Et
338 367 731 416 Lacedaemonium
751 374 899 430 Thyre
917 376 1083 427 lectura
1099 390 1310 421 cruorem.

257 444 288 487 J
291 446 506 498 unguntur
523 456 743 485 memores
762 445 1006 487 transmissi
1027 446 1084 486 ab
1105 447 1272 501 origine
1292 450 1422 503 regiS,

259 513 353 564 Qui
370 511 569 566 Drepani
590 511 817 566 scopuloS,
833 516 877 554 et
891 512 1108 556 oliviferae
1131 514 1339 571 Sicyonis
1667 517 1725 559 50

258 578 393 623 Culta
413 583 574 632 serunt,
592 592 711 635 quos
732 580 860 635 pigra
881 581 998 623 vado
1017 581 1190 636 Langia
1208 585 1376 626 tacenti

258 713 385 745 Cleonoe
409 713 549 754 insignes
574 712 713 746 turrium
738 714 815 746 mole
836 716 868 746 et
892 714 1105 756 multitudine,
1128 719 1160 756 et
1186 715 1302 759 Thyn,
1323 727 1394 759 quae
1416 717 1520 757 legere
1533 716 1661 750 debebat
1675 717 1724 748 in-

254 757 452 798 scriptionem
476 756 588 797 tropaei
603 757 730 795 factam
754 757 909 796 sanguine
933 757 1177 792 Lacedaemonio.
1225 760 1292 796 Qui
1314 761 1557 793 recor-dulantur
1580 770 1686 800 regem
1703 770 1723 791 α

254 799 331 830 solio
345 800 431 831 avito
446 799 663 831 transmissum
667 800 770 837 fuisse
785 799 904 840 Argos,
924 802 1045 834 addunt
1060 803 1090 833 ei
1103 812 1135 834 se
1149 802 1259 842 socios,
1281 803 1326 840 hi,
1348 803 1401 844 qui
1415 805 1518 837 colunt
1533 813 1625 843 rupes
1639 803 1722 834 Dre-

253 842 343 883 pani,
364 845 396 874 et
417 852 494 874 arva
519 842 666 885 Sicyonis
688 843 843 875 olivarum
859 843 1001 885 fertilis,
1031 845 1078 886 Ιιὶ,
1109 855 1184 887 quos
1210 846 1296 878 lenta
1319 845 1445 887 Langia
1469 847 1604 888 stringit
1627 845 1724 878 tacito

871 938 1111 955 “mum“

256 1010 358 1047 Alter
372 1013 497 1047 Behot.
516 1015 726 1048 Chone—49
749 1015 880 1048 Omnes
894 1015 974 1049 edd.
991 1020 1028 1049 et
1043 1016 1144 1050 codd.
1159 1019 1383 1061 manuscripti
1403 1029 1506 1061 reges,
1520 1023 1647 1060 praeter
1661 1031 1722 1062 op-

257 1057 358 1088 timas
379 1058 513 1090 Barthii
534 1059 748 1091 membranas
769 1063 806 1091 et
830 1060 953 1092 Behot.
970 1063 1000 1093 1.
1024 1061 1059 1092 in
1077 1061 1201 1103 quibus
1216 1067 1270 1095 est
1283 1063 1382 1104 regis,
1397 1067 1436 1095 ut
1450 1073 1494 1095 ex
1520 1063 1724 1105 conjectura

255 1099 339 1140 legit
364 1101 571 1135 Gronovius.
594 1102 683 1134 Vide
699 1103 830 1144 Syllog.
847 1103 959 1144 Epist.
974 1104 1071 1136 Tom.
1087 1114 1132 1137 ιι.
1149 1115 1184 1146 p.
1200 1108 1361 1140 665.—51
1386 1106 1469 1138 Put.
1495 1107 1648 1147 trangilla
1673 1110 1724 1138 ta-

254 1144 360 1182 centi,·
382 1154 467 1177 uuus
490 1145 615 1177 Bebot.
643 1146 775 1186 stagilla
798 1147 939 1184 tacenti,·
971 1157 1059 1179 unus
1086 1148 1314 1182 Barthianus:
1336 1149 1468 1190 tur-gilla
1494 1150 1633 1188 tacent&
1654 1150 1721 1182 dno

920 1241 1065 1276 NOTAE

297 1305 341 1336 47
366 1302 481 1345 Neris]
497 1303 600 1346 Neris
613 1304 706 1337 vicus
718 1303 893 1347 Argolidis
909 1315 962 1338 se-

255 1354 404 1387 cundum
425 1354 644 1387 Pausaniam.
688 1355 883 1397 Stephanus
912 1361 963 1388 ta-

254 1414 333 1437 men
371 1404 521 1437 collocat
558 1405 667 1438 Nerin
705 1405 740 1438 in
770 1406 964 1442 Messenia.

256 1456 399 1498 cleonae]
438 1456 532 1488 Urbs
561 1455 753 1498 Argolidis.
809 1457 964 1498 Turritae]

253 1506 287 1540 A
303 1506 526 1539 multitudine
542 1507 698 1540 turrium.
728 1509 815 1541 Erat
829 1514 866 1541 et
881 1509 964 1541 urbs

252 1557 410 1600 ejusdem
425 1558 574 1592 nominis
593 1559 627 1590 in
644 1558 777 1591 Achaia
792 1559 964 1601 Pelopon-

253 1609 342 1650 nesi,
363 1618 442 1651 quae
467 1619 557 1641 nunc
580 1609 743 1642 Sanun-sili
769 1610 908 1651 dicitur,
927 1615 965 1643 et

252 1659 322 1692 alia
337 1669 442 1701 super
454 1665 605 1692 montem
621 1659 748 1693 Athon.

295 1714 339 1743 48
367 1711 408 1742 Et
431 1710 701 1743 Lacedoemonium
725 1711 827 1755 Thyre
846 1712 965 1745 lectura

251 1761 409 1803 cruorem]
443 1762 558 1804 Hujus
577 1763 646 1796 loci
662 1773 782 1796 sensus
799 1765 928 1806 pendet
943 1775 964 1798 a

190 1834 193 1838 -
252 1813 453 1854 cognitione
468 1813 633 1848 historiae·
678 1815 770 1847 Orta
788 1815 880 1847 inter
896 1815 961 1848 Ar-

252 1864 348 1906 givos
370 1867 408 1896 et
443 1864 633 1906 Spartanos
659 1866 894 1898 controversia
917 1866 962 1899 de

253 1924 339 1956 agro
368 1915 595 1957 Thyreatico,
623 1915 855 1949 decreverunt
878 1915 960 1948 Am-

253 1965 473 2008 phictyones,
487 1966 630 1998 incertis
652 1966 801 2008 indiciis,
816 1977 960 2009 qnorum

252 2021 348 2050 esset
369 2017 426 2048 ille
449 2025 545 2058 ager,
559 2017 648 2049 hanc
674 2017 777 2049 armis
797 2017 962 2050 dirimen-

252 2069 332 2101 dam
354 2079 443 2110 esse,
468 2079 658 2111 agrumque
680 2069 851 2102 victorum
874 2069 961 2104 fore.

252 2121 368 2154 Missis
379 2120 486 2162 igitur
499 2130 542 2153 ex
553 2126 700 2163 utraque
713 2126 812 2162 parte
824 2125 961 2154 trecen-

250 2172 297 2204 tis
336 2171 491 2212 armatis,
517 2175 586 2204 tam
622 2172 752 2204 acriter
787 2173 960 2215 utriunque

252 2224 442 2264 pugnatum
467 2226 532 2264 est,
548 2226 588 2254 ut
613 2232 731 2254 omues
757 2223 960 2264 ceciderint,

253 2276 382 2313 praeter
411 2272 496 2304 duos
527 2271 690 2314 Argivos,
713 2273 770 2315 qui
800 2274 962 2306 celeriter

251 2322 366 2364 Argos
386 2323 654 2363 contenderunt,
678 2324 854 2356 victoriam
876 2334 963 2356 nun-

253 2374 374 2406 tiaturi
387 2384 396 2406 ε
411 2373 472 2405 sed
488 2383 631 2416 surgens
645 2373 841 2417 Othryades
856 2375 961 2416 Spar-

252 2429 367 2465 tanus,
387 2424 541 2465 spoliatis
563 2425 718 2466 pluribus
741 2426 902 2466 hostium,
917 2435 962 2457 ex

252 2484 371 2507 eorum
388 2475 489 2508 armis
506 2479 676 2517 tropaeum
693 2476 818 2516 erexit,
834 2476 890 2509 cui
906 2475 958 2508 in-

252 2525 391 2567 scripsit
417 2526 557 2567 proprio
581 2526 745 2567 sanguine
769 2527 779 2544 ‘
794 2525 958 2559 Lacedae-

249 2575 354 2608 monii
372 2575 415 2607 de
431 2574 594 2617 Argivis,'
607 2586 674 2618 quo
688 2582 843 2618 peracto,
859 2576 957 2608 obiit.

252 2627 329 2659 Nec
346 2627 454 2658 solum
471 2626 514 2658 ab
534 2627 599 2658 hac
622 2637 658 2658 re
682 2629 796 2660 lumen
820 2628 958 2670 Papinii

251 2675 380 2717 verbis,
395 2676 456 2709 sed
472 2676 576 2709 etiam
592 2677 684 2709 Flori
701 2677 759 2709 lib.
772 2686 814 2710 ιι.
831 2687 909 2719 cap.
925 2680 959 2710 2.

252 2726 295 2758 de
310 2726 496 2768 Calpurnio
506 2727 664 2760 tribuno:
679 2727 690 2746 ⁴
701 2728 780 2760 Hoc
793 2728 960 2760 illustrior

252 2775 393 2814 noster,'
410 2777 459 2810 ait
474 2778 612 2819 Florus,
633 2780 643 2797 ⁴
657 2779 746 2821 quod
767 2783 875 2813 tantae
897 2789 958 2812 ex-

1017 1309 1185 1350 peditioni
1208 1307 1392 1353 superfuit,
1405 1314 1444 1344 et
1461 1311 1668 1354 supervixit,
1682 1311 1721 1345 li-

1016 1365 1075 1393 cet
1098 1361 1182 1393 nihil
1207 1361 1386 1403 scripserit
1409 1361 1600 1404 sanguiue)
1642 1363 1727 1395 Hoc

1017 1416 1133 1445 tamen
1147 1411 1280 1444 factum
1292 1413 1414 1445 Florus
1429 1413 1591 1446 attribuit
1599 1414 1722 1446 Leoni-

1015 1462 1084 1504 dae,
1097 1472 1164 1495 non
1181 1463 1368 1506 Othryadi.
1413 1464 1577 1498 Ceterum
1594 1463 1723 1508 Thym,

1015 1513 1060 1546 de
1077 1525 1143 1557 qua
1158 1514 1338 1556 agebatur,
1348 1519 1424 1547 erat
1434 1516 1650 1559 oppidulum,
1661 1526 1723 1549 sen

1015 1565 1132 1608 potius
1159 1575 1265 1607 pagus
1295 1567 1329 1599 in
1349 1566 1475 1600 finibus
1501 1566 1721 1610 Argivorum.

1018 1617 1096 1649 Hoc
1119 1616 1245 1649 bellum
1269 1622 1404 1659 gestum
1425 1622 1479 1650 est
1499 1618 1721 1660 Theopompo

1018 1666 1188 1700 Nicandri
1197 1667 1280 1705 filio,
1291 1673 1458 1709 regnante
1466 1668 1616 1712 Spartae.
1630 1670 1722 1702 Vide

1019 1717 1225 1749 Pausaniam
1263 1718 1442 1751 Laconicis
1476 1724 1514 1752 et
1550 1720 1722 1759 Phocicis‚

1017 1767 1242 1800 Plutarchum
1266 1769 1300 1800 in
1326 1769 1521 1812 Parallelis,
1545 1771 1719 1805 Valerium

1016 1818 1165 1851 Mam-et
1178 1818 1366 1851 Stobaeum.
1716 1836 1718 1838 v

1059 1872 1102 1902 49
1125 1869 1242 1911 Regis]
1263 1871 1374 1911 Bene,
1396 1880 1463 1903 non
1487 1881 1588 1914 reges,
1604 1877 1642 1905 ut
1661 1873 1720 1906 ha-

1015 1920 1098 1952 bent
1116 1921 1247 1962 priores
1267 1920 1449 1955 editiones.
1494 1923 1607 1964 Regis,
1621 1924 1719 1956 uimi-

1017 1980 1089 2003 rum
1103 1971 1258 2011 Adrasti,
1267 1976 1305 2004 ut
1315 1972 1446 2014 optime
1458 1973 1619 2006 observat
1630 1974 1719 2007 Gru*

1016 2021 1147 2054 novius.
1194 2022 1283 2054 Nam
1308 2031 1352 2055 ex
1373 2023 1482 2055 Theb.
1496 2031 1540 2056 ιι.
1556 2023 1720 2056 discimus

1016 2072 1202 2105 Adrastum
1222 2078 1401 2106 evocatum
1417 2073 1524 2106 fuisse
1538 2073 1651 2117 Argos
1666 2075 1718 2108 Si-

1015 2131 1126 2163 cyone
1154 2122 1247 2154 avito
1278 2132 1401 2165 regno:
1439 2124 1449 2141 ‘
1462 2123 1548 2158 Quis
1571 2128 1608 2156 te
1635 2125 1719 2157 nolio

1014 2172 1169 2214 Sicyonis
1176 2173 1279 2206 avitae
1288 2174 1450 2206 Excitum
1461 2173 1620 2207 effraenos
1630 2185 1721 2207 com-

1014 2232 1143 2264 ponere
1155 2223 1286 2264 legibus
1299 2223 1423 2266 Argos,
1441 2225 1613 2258 Nesciat?

1057 2277 1100 2306 50
1124 2274 1283 2315 Drepani]
1319 2275 1519 2317 Drepanum
1544 2276 1609 2308 hoc
1638 2287 1716 2319 pro-

1014 2324 1220 2356 montorium
1238 2324 1378 2357 Achaioe
1398 2326 1641 2368 Peloponnesi,
1657 2338 1716 2360 no-

1015 2379 1126 2407 tatum
1141 2375 1335 2408 Pausaniae.
1375 2376 1463 2409 llluc
1474 2377 1639 2410 Saturnus
1654 2378 1718 2410 fal-

1016 2435 1091 2457 cem
1116 2426 1302 2468 projecisse
1329 2426 1470 2465 dicitur,
1491 2438 1558 2469 qua
1583 2433 1714 2470 patrem

1016 2476 1148 2509 Coelum
1163 2482 1390 2518 exsecuerat3
1407 2478 1498 2511 unde
1508 2478 1595 2511 ratio
1611 2479 1717 2511 nomi-

1012 2527 1084 2568 nis;
1107 2526 1258 2569 δρέπανον
1271 2528 1364 2560 enim
1379 2528 1634 2568 Graecisfalcem
1649 2529 1716 2570 sig-

1012 2576 1141 2610 uificat.
1164 2579 1227 2610 Est
1243 2583 1279 2611 et
1294 2579 1569 2611 Promontorium
1582 2583 1619 2611 et
1634 2579 1714 2611 urbs

1013 2627 1169 2669 ejusdem
1185 2629 1327 2661 nominis
1341 2629 1375 2660 in
1390 2629 1518 2669 Sicilia,
1533 2632 1571 2662 et
1590 2629 1624 2661 in
1647 2629 1716 2670 Cy-

1013 2679 1162 2720 renaica,
1177 2684 1214 2711 et
1230 2680 1404 2712 Phaeacia.
1448 2679 1611 2722 Sicyonis]
1625 2679 1715 2713 Vide

1011 2729 1119 2761 Theb.
1135 2738 1176 2762 11.
1193 2733 1267 2762 179.

1053 2782 1095 2812 51
1119 2780 1262 2822 Langia]
1292 2780 1381 2813 Fons
1402 2781 1436 2813 in
1458 2781 1592 2814 Nemea
1606 2782 1715 2823 sylva,

1805 0 1820 74 ..22:1⁶
