1820 3068
241 188 328 231 992

748 199 790 232 P.
824 200 1019 232 PAl’iNlt
1053 201 1219 234 S'l'A'ru

241 293 528 349 Tyndariden
548 294 728 346 iteranS,
749 294 973 349 gelidique
993 296 1039 338 in
1059 297 1176 340 nube
1197 297 1394 351 parentis

242 363 363 406 Vela
381 365 655 406 laborantem
677 362 833 405 Calain
854 365 1122 407 subnectere
1141 366 1277 415 malo,

240 431 372 474 Voce
390 445 617 485 manuque
639 436 789 485 rogat:
821 434 1027 487 quatiunt
1046 433 1320 488 impulsibus
1339 433 1407 475 illi

242 499 376 541 Nunc
394 499 519 550 freta,
540 512 657 541 nunc
673 513 850 542 muros:
882 500 961 542 sed
983 514 1061 542 nec
1083 501 1340 556 spumantia
1359 500 1524 543 cedunt

241 567 457 621 AEquom,
477 571 522 609 et
541 566 733 608 incussae
754 567 940 609 redeunt
960 582 988 609 a
1007 570 1200 611 turribus
1220 568 1377 611 hastae.

1623 502 1712 544 410

242 635 349 689 Ipse
369 647 526 689 graves
547 633 730 685 fluctus,
747 635 1012 690 clavumque
1034 636 1190 678 audire
1207 641 1434 691 negantem

241 703 404 744 Lassat
423 714 559 755 agens
577 701 766 757 Tiphys,
785 702 1025 757 palletque,
1045 708 1090 745 et
1110 704 1300 758 plurima
1319 709 1459 749 mutat

240 768 451 824 Imperia,
473 782 527 810 ac
549 768 690 810 laevas
710 769 981 824 dextrasque
1003 771 1241 825 obtorquet
1257 771 1302 812 in
1321 770 1461 814 undas

240 837 444 888 Proram,
465 836 707 891 navifragis
727 836 906 878 avidam
928 850 1186 879 concurrere
1208 838 1334 880 saxis
1352 852 1364 881 ε

1625 841 1711 884 415

241 905 400 947 Donec
420 906 478 946 ab
500 911 712 946 extremae
734 917 878 946 cuneo
899 906 1023 956 ratis,
1046 905 1216 947 AEsone
1236 913 1367 948 natus

239 971 470 1013 Palladios
491 972 620 1021 oleae,
646 970 800 1024 Mopsi
821 972 1084 1025 gestamina,
1104 986 1256 1014 ramos

238 1040 428 1091 Extulit,
446 1043 490 1081 et
511 1040 686 1081 socium
704 1040 836 1082 turba
855 1039 1114 1095 prohibente
1133 1041 1347 1096 poposcit

235 1166 358 1203 petens,
372 1167 403 1195 et
421 1163 535 1195 Calain
548 1162 702 1194 sublatum
717 1162 752 1194 in
766 1162 846 1194 nube
852 1161 976 1202 frigidi
988 1161 1157 1202 genitoris,
1174 1167 1210 1195 ut
1226 1164 1306 1195 malo
1318 1164 1388 1195 vela
1400 1162 1606 1204 subligaretur.

1651 1163 1711 1196 lui

238 1214 319 1236 nuno
333 1206 428 1237 remis
439 1206 619 1246 percutiunt
633 1215 751 1246 oequor,
764 1214 847 1237 nunc
862 1205 960 1237 hastis
974 1206 1109 1242 moenia;
1132 1207 1185 1237 sed
1208 1217 1265 1238 nec
1285 1216 1459 1248 spumosum
1474 1217 1559 1238 more
1571 1208 1711 1245 sedatur,

238 1251 271 1279 et
286 1248 433 1280 immissce
445 1250 545 1280 hastoe
559 1249 707 1280 resiliunt
718 1259 737 1280 a
753 1248 902 1279 turribus.
939 1248 1013 1289 Ipse
1031 1246 1148 1289 Tiphys
1162 1249 1295 1280 obnixus
1300 1249 1428 1289 fatigat
1435 1249 1586 1287 furentes
1598 1251 1709 1288 andan,

238 1293 271 1321 et
284 1292 404 1322 clavam
418 1293 542 1323 dextra*
555 1302 617 1322 non
632 1291 906 1332 obtemperantem,
920 1294 950 1322 et
973 1291 1129 1331 pallescit,
1155 1295 1187 1323 et
1200 1293 1349 1324 mandata
1360 1293 1520 1324 multoties
1533 1295 1651 1333 variat,
1671 1302 1710 1324 ac

237 1335 327 1366 modo
342 1334 376 1365 in
391 1335 534 1373 dextros,
547 1336 634 1365 modo
649 1335 682 1365 in
698 1334 843 1365 sinistros
854 1333 978 1375 fluctus
993 1334 1148 1365 convertit
1162 1343 1300 1373 proram,
1315 1345 1384 1375 quoe
1397 1335 1543 1367 tendebat
1557 1336 1591 1368 in
1603 1338 1711 1366 cautes

235 1377 433 1416 navifragas.
478 1378 588 1409 Donec
600 1377 826 1417 AEsonisfllius
842 1376 975 1408 tetendit
989 1387 1009 1407 a
1023 1386 1117 1408 cuneo
1130 1377 1251 1408 altimae
1273 1378 1363 1409 novis
1375 1377 1526 1416 frondem
1540 1380 1615 1414 olea
1630 1378 1709 1410 Pal-

237 1418 304 1450 tacu
317 1429 429 1462 sacrae,
451 1430 544 1462 quam
571 1420 702 1461 Mopsus
718 1418 859 1460 serebat,
879 1423 910 1451 et
931 1420 1015 1461 petit
1036 1429 1146 1460 pacem
1161 1419 1272 1452 invitis
1285 1420 1462 1454 comitibus.
1505 1419 1627 1463 Rapidi
1641 1424 1708 1454 tar-

848 1521 888 1534 Οθ
892 1520 1094 1533 OOM‘MO

238 1591 295 1619 tur
310 1591 389 1629 post
405 1598 455 1620 vs.
464 1590 650 1620 407.—413
663 1587 899 1620 UnusBehon
918 1587 1027 1619 Laxat
1038 1589 1257 1626 φέναι-416
1271 1583 1381 1619 Donec
1394 1587 1434 1618 ab
1447 1590 1587 1620 extremo
1601 1588 1708 1629 Lang.

237 1631 339 1663 Laur.
361 1631 495 1663 Buslid.
515 1631 670 1672 Lipsian.
698 1630 802 1663 Aldd.
824 1630 935 1663 Colin.
961 1630 1097 1673 Gryph.
1123 1630 1232 1663 Basil.
1259 1635 1296 1662 et
1322 1631 1549 1663 Plana—418
1571 1631 1708 1672 Expulit

899 1719 1040 1755 NOTAE

278 1789 343 1820 407
370 1787 588 1829 Tyndariden]
619 1787 661 1819 Id
684 1791 751 1827 est,
774 1797 878 1819 unum
900 1797 944 1819 ex

234 1837 454 1879 Tyndaridis,
477 1838 652 1870 Castorem
680 1843 740 1869 aut
763 1838 943 1870 Pollucem

234 1888 386 1929 Tyndari
398 1887 497 1919 filios.
533 1888 701 1928 Parentis]
717 1889 861 1920 Boreae:
879 1889 944 1920 Ca·

234 1938 300 1969 lais
326 1938 416 1969 enim
441 1942 516 1969 erat
538 1938 628 1970 filius
653 1939 778 1969 Boreae
802 1943 838 1970 et
864 1939 945 1970 Ori-

234 1989 328 2028 thyae
342 1988 572 2021 Atheniensis,
617 1989 658 2020 In
671 1988 764 2029 nube]
781 1989 870 2022 Quia
881 1989 945 2021 Ca·

234 2040 298 2072 lais
313 2044 390 2071 erat
407 2039 531 2071 alatus.

276 2092 341 2122 412
363 2090 486 2122 Audire
515 2088 698 2129 negantem]
730 2089 875 2131 Supple,
904 2099 942 2121 se

233 2140 356 2180 audire,
385 2150 446 2172 seu
476 2140 542 2172 sibi
573 2150 708 2181 parere.
763 2141 940 2172 Lucanus:

233 2192 242 2209 ‘
257 2192 367 2225 Quam
385 2191 477 2222 nulla
493 2191 614 2222 melius
639 2191 762 2232 pelago
779 2190 943 2222 turbante

233 2244 382 2276 carinam
397 2242 572 2274 Audivere
586 2241 746 2273 manum!
769 2242 779 2258 ‘
795 2241 945 2272 Audire’

233 2297 271 2325 et
287 2303 406 2324 currus
422 2293 561 2324 dieitur.
584 2292 686 2324 Unde
698 2292 823 2333 Virgil.
846 2293 855 2309 ‘
870 2293 942 2324 Ne-

235 2353 301 2385 que
316 2343 413 2374 audit
428 2352 549 2374 currus
565 2342 736 2374 habenas!

244 2425 246 2427 ,
274 2396 339 2425 413
368 2393 499 2435 Tiphys]
546 2394 676 2435 Tiphys
705 2393 800 2425 navis
826 2392 942 2434 Argus

233 2444 456 2485 gubernator.
511 2442 689 2484 Palletqae]
725 2443 784 2475 Ob
819 2442 939 2483 ingens

233 2493 441 2535 periculum,
469 2493 504 2524 in
535 2504 604 2535 quo
631 2492 847 2525 versabatur.
897 2494 940 2525 Et

227 2543 365 2585 plurima
379 2546 481 2575 mutat
495 2543 647 2584 Imperia]
682 2543 819 2574 Mutare
833 2542 940 2584 impe-

232 2596 287 2625 ria
314 2597 371 2625 est
398 2593 498 2625 modo
519 2594 586 2625 huc
602 2593 704 2626 modo
720 2593 802 2625 illuc
819 2603 939 2625 navem

232 2647 450 2684 convertere,
478 2644 527 2675 ait
558 2644 773 2675 Lactantius.
818 2643 941 2676 Potest

232 2693 336 2725 etiam
353 2694 521 2735 explicari
537 2695 638 2726 modo
661 2695 738 2734 boc,
765 2695 866 2726 modo
882 2695 940 2727 illo

231 2744 333 2776 modo
347 2754 465 2786 agere,
482 2745 728 2789 remigantibus
745 2745 938 2786 imperare;

998 1786 1089 1829 qnod
1100 1785 1176 1819 fieri
1188 1787 1368 1819 consuevit
1381 1787 1414 1819 in
1429 1787 1706 1830 tempestatibus,

998 1837 1033 1869 in
1051 1838 1175 1879 quibus
1191 1837 1402 1878 gubernator
1411 1847 1501 1870 nunc
1515 1847 1586 1869 rem
1603 1848 1705 1870 unam

999 1898 1062 1929 pro
1078 1887 1241 1930 praesenti
1258 1897 1372 1919 rerum
1388 1891 1480 1920 statu
1496 1888 1611 1930 jubet,
1626 1898 1706 1920 mox

998 1944 1133 1971 mutare
1171 1938 1307 1980 cogitur
1342 1938 1535 1980 imperium,
1572 1943 1705 1971 mutato

998 1991 1104 2022 etiarn
1121 2000 1234 2022 rerum
1254 1993 1360 2021 statu.

1041 2043 1106 2073 414
1130 2041 1243 2072 Loevas
1257 2040 1446 2080 dextrasque
1459 2038 1495 2071 in
1508 2038 1625 2080 undas]
1660 2038 1704 2073 Id

997 2095 1062 2131 est,
1077 2090 1303 2122 convertebat
1324 2099 1446 2122 navem
1468 2089 1570 2122 modo
1586 2089 1629 2122 ad
1645 2091 1703 2122 lae-

998 2150 1088 2181 vam,
1105 2140 1207 2172 modo
1223 2140 1266 2171 ad
1282 2140 1467 2172 sinistram.

1039 2193 1104 2222 416
1132 2190 1308 2230 Excremae]
1325 2190 1434 2228 Bene,
1449 2198 1492 2221 ex
1506 2189 1703 2222 melioribus

996 2241 1228 2279 membranis;
1257 2249 1325 2271 non
1339 2244 1494 2280 extremo,
1515 2245 1553 2272 ut
1568 2241 1703 2282 priores

997 2291 1177 2331 editiones,
1193 2295 1336 2322 notante
1354 2290 1544 2323 Gronovio.
1587 2292 1704 2323 AEsone

996 2341 1106 2382 natus]
1127 2341 1235 2375 Jason
1252 2340 1388 2373 AEsonis
1402 2340 1506 2373 filius.

1037 2395 1102 2425 417
1126 2393 1290 2424 Palladios
1299 2393 1386 2434 oleoe,
1397 2392 1503 2434 Mopsi
1514 2394 1703 2434 gestamina,

994 2443 1112 2485 ramos]
1135 2444 1226 2476 Quia
1251 2444 1411 2485 Mopsus,
1428 2447 1467 2475 nt
1482 2449 1592 2484 vates,
1615 2445 1700 2476 oleae

995 2504 1071 2535 quae
1087 2493 1223 2525 Palladi
1235 2503 1335 2525 sacra
1349 2498 1417 2534 est,
1433 2492 1559 2525 fronde
1572 2502 1632 2524 seu
1646 2502 1701 2525 ru-

994 2553 1050 2575 mo
1073 2549 1256 2575 coronatus
1278 2548 1363 2576 erat.
1407 2543 1496 2575 Vide
1512 2541 1623 2575 Theb.
1641 2552 1700 2577 nr.

994 2597 1069 2626 321.
1115 2593 1240 2635 Mopsi]
1269 2595 1415 2635 Mopsus
1437 2597 1534 2624 vates
1555 2591 1699 2626 Thessa.

994 2645 1060 2683 lus,
1076 2643 1214 2684 Ampici
1236 2649 1273 2676 et
1296 2640 1468 2677 Chloridis
1490 2640 1590 2685 filius,
1613 2652 1699 2676 unus

995 2704 1036 2727 ex
1055 2694 1277 2737 Argonautis.
