1820 3068
229 208 316 251 850
736 219 778 251 P.
811 218 1005 250 PAPtNu
1038 218 1204 251 s‘rA‘ru

231 314 439 357 Insanire
460 327 609 356 manu.
657 313 829 357 Rursus
849 315 999 370 fragor
1019 315 1192 359 intonat
1210 316 1364 371 ingens

232 382 517 433 Hor-tantum,
539 387 582 424 ct
601 388 733 425 vasto
755 384 908 426 subter
930 385 1053 427 volat
1072 389 1193 428 astra
1213 386 1424 428 tumultu.

231 451 299 493 Ut
318 451 504 506 rapidus
525 454 707 502 torrens,
731 453 905 494 animos
926 453 1001 495 cui
1021 466 1155 496 verna
1176 454 1427 496 ministrant

234 518 460 569 Flumina,
482 522 528 560 et
548 518 675 560 exuti
696 523 905 562 concreto
926 519 1090 573 frigore
1112 521 1268 572 colles,

233 585 351 629 Cum
370 599 509 640 vagus
528 586 574 628 in
590 599 776 642 campos
795 587 957 629 frustra
976 588 1316 642 prohibentibus
1339 588 1437 631 exit

233 652 486 709 Objicibus,
508 659 721 696 resonant
739 655 964 710 permixto
986 655 1160 697 turbine
1180 658 1312 706 tecta,

231 722 373 773 Arva,
395 725 603 773 armenta,
621 722 722 774 viri,
742 722 883 766 donec
904 723 1026 766 stetit
1045 724 1276 779 improbus
1295 723 1388 766 alto

234 790 364 833 Colle
383 790 542 841 minor,
561 803 805 845 magnoque
825 791 993 834 invenit
1013 791 1061 833 in
1080 804 1239 846 aggere
1259 792 1396 848 ripas.

235 859 354 902 Haec
376 859 547 901 alterna
568 858 731 901 ducum
746 872 839 901 nox
856 859 1072 912 interfusa
1091 860 1284 902 diremit.

235 926 303 978 At
321 926 512 980 gemitus
534 924 671 979 Argia
690 926 774 968 viri
794 940 883 968 non
904 927 1098 982 amplius
1115 940 1248 983 aequo

235 984 382 1038 Corde
402 994 563 1046 ferenS,
585 994 851 1049 sociumque
872 995 1022 1037 animo
1037 995 1254 1039 miserata
1274 994 1488 1047 dolorem,

236 1063 367 1106 Sicut
387 1066 482 1105 erat
501 1062 673 1118 pridem
694 1063 860 1105 laceris
880 1065 1061 1107 turbata
1081 1063 1277 1120 capillis,

1618 387 1705 431 6⁷0

1617 724 1705 767 675

1621 1064 1708 1110 680

237 1200 296 1233 que
310 1202 428 1226 mecum
442 1195 550 1235 parati
562 1199 637 1228 eunt
650 1196 691 1228 ad
698 1195 871 1234 furendam
886 1206 992 1228 manu.
1031 1197 1204 1229 Immemus
1213 1198 1335 1230 clamor
1348 1196 1583 1230 assentientium
1594 1195 1711 1228 iterum

235 1241 397 1277 personat,
419 1241 451 1270 et
464 1238 563 1271 subiit
573 1239 678 1271 sidera
693 1239 816 1279 ingenti
829 1240 979 1280 strepitu.
1029 1240 1073 1271 Ut
1085 1250 1224 1282 proeceps
1244 1241 1344 1278 rivus,
1366 1241 1418 1273 cui
1441 1240 1531 1272 verni
1545 1239 1657 1282 fluvii,
1679 1243 1710 1271 et

238 1278 418 1319 liquefactoe
432 1281 519 1313 nives
533 1292 549 1314 e
563 1282 691 1314 collibus
704 1282 907 1323 suppeditant
927 1283 1130 1320 incrementa,
1153 1293 1222 1315 cum
1246 1293 1357 1315 errans
1380 1284 1446 1315 ruit
1469 1283 1504 1315 in
1530 1292 1638 1324 agros,
1658 1281 1712 1312 ob-

236 1323 366 1355 staculis
377 1324 583 1366 nequicquam
595 1325 836 1367 impedientibus
847 1337 858 1358 .-
878 1327 973 1367 oedes,
995 1326 1111 1367 campi,
1134 1336 1260 1366 greges,
1273 1326 1413 1358 hominen
1426 1330 1569 1368 strepunt
1582 1325 1711 1364 confuso

237 1364 368 1406 impetu,
389 1368 487 1399 donec
499 1368 629 1410 rapidus
641 1367 770 1400 sistitur
783 1368 915 1408 infferior
927 1370 1047 1401 excelso
1061 1370 1150 1410 colle,
1170 1373 1203 1401 et
1229 1368 1322 1402 littus
1332 1370 1450 1411 reperit
1463 1369 1497 1401 in
1511 1368 1634 1410 ingenti
1646 1377 1715 1400 cre-

237 1407 355 1449 pidine.
394 1411 471 1442 Nox
481 1411 701 1452 superveniens
713 1410 883 1453 interrupit
898 1412 976 1444 hanc
988 1422 1152 1453 procerum
1166 1413 1411 1445 altercationem.
1456 1412 1520 1444 Seu
1533 1411 1636 1452 Argia
1649 1420 1712 1443 non

236 1460 332 1492 passa
344 1453 476 1485 ulterius
489 1464 575 1495 aequo
587 1455 691 1486 animo
706 1455 846 1496 querelas
859 1454 981 1495 mariti,
1003 1465 1040 1487 ac
1054 1455 1204 1487 miserata
1219 1455 1254 1487 in
1273 1457 1365 1488 corde
1378 1456 1516 1488 dotorem
1531 1455 1608 1496 ejus,
1629 1454 1711 1485 sicut

239 1494 309 1526 erut
321 1496 437 1529 dudum
450 1496 583 1539 efferata
598 1498 730 1530 laniatis
743 1497 893 1539 crinibus,
917 1501 947 1530 et
973 1497 1087 1530 habens
1098 1508 1197 1539 genae
1210 1502 1337 1531 notatas
1349 1499 1508 1541 lacrymis,
1527 1497 1656 1530 cadebat
1672 1497 1713 1528 ad

856 1598 934 1611 ”N
936 1598 1095 1611 OOOOOOOO

243 1662 398 1696 Gronov.
428 1664 550 1698 Barth.
574 1666 683 1698 Veen.
711 1670 747 1698 et
763 1665 892 1707 Delph.
909 1670 946 1698 et
961 1666 1010 1699 sic
1026 1665 1105 1698 olim
1121 1666 1161 1699 F.
1182 1665 1446 1699 Medium—669
1469 1665 1569 1697 Unus
1583 1663 1712 1702 Behot.

241 1714 366 1738 rursum
382 1706 622 1748 fragon—671
645 1709 798 1741 ‘Stolida
814 1709 951 1742 omnino
968 1710 1109 1748 locutio,
1130 1719 1230 1752 quam
1256 1710 1381 1741 nollem
1404 1717 1538 1740 meam:
1563 1717 1629 1740 nec
1652 1718 1714 1750 po-

243 1754 336 1781 terat
357 1749 447 1782 bono
464 1751 576 1783 animo
589 1762 755 1784 excusare
772 1752 954 1793 quispiam.
996 1753 1122 1784 Melius
1148 1752 1239 1794 quod
1263 1752 1347 1783 alibi
1369 1752 1380 1770 ‘
1397 1750 1614 1791 torrentem‚'
1640 1750 1714 1783 sive

189 1834 191 1837 ι
242 1793 252 1809 ‘
266 1801 402 1824 amnem
418 1794 604 1836 respirare’
627 1795 741 1828 dixit!
765 1796 990 1827 Barim-6⁷2
1014 1795 1025 1813 ⁴
1044 1795 1087 1827 In
1103 1795 1233 1836 optimo
1248 1795 1368 1827 codice
1384 1799 1438 1826 est
1452 1794 1614 1833 Flamina,
1634 1803 1713 1835 quae

243 1836 362 1875 utique
379 1845 462 1868 vera
474 1837 648 1877 scriptura
663 1842 729 1878 est,
744 1844 954 1879 agnoscente
968 1838 1071 1870 etiam
1088 1838 1230 1870 Lutatio
1246 1843 1280 1869 et
1288 1837 1434 1870 Scholiis
1449 1835 1596 1878 priscis!
1613 1836 1713 1870 Idm.

243 1880 352 1910 -677
377 1879 475 1912 Dicta
497 1881 621 1912 alterna
644 1882 757 1913 ducum
784 1881 874 1921 conj.
902 1881 1190 1913 Barthius.—679
1223 1881 1321 1912 Unus
1343 1880 1469 1912 Behot.
1491 1879 1595 1911 animo
1613 1880 1716 1911 solata

243 1922 503 1955 dolorem—680
524 1922 580 1955 Sic
605 1927 674 1955 erat
701 1925 814 1955 laceris
839 1924 963 1964 pridem
985 1925 1076 1956 Dan.
1099 1924 1182 1956 Put.
1197 1924 1320 1956 Petav.
1336 1923 1445 1965 Lang-
1463 1923 1568 1954 Laur.
1582 1921 1715 1954 Buslid.

245 1964 400 2005 Lipsian.
429 1971 572 2007 uterque
603 1966 729 1999 Behot.
757 1967 913 1998 nonnulli
940 1967 1131 2006 Baranam,
1158 1967 1301 1999 Venett.
1327 1966 1427 1998 Rom.
1466 1965 1572 1997 Aldd.
1603 1965 1714 1997 Colin-

245 2006 381 2049 Gryph.
402 2008 511 2040 Basil.
530 2009 646 2041 Plant.
663 2009 893 2049 Lindenbrog.
922 2010 1025 2042 Cruc.
1052 2015 1088 2042 et
1116 2010 1262 2043 Gevart.
1284 2009 1342 2041 Sic
1363 2013 1434 2041 erat
1451 2009 1574 2050 pridem
1602 2008 1716 2040 laceris

243 2050 384 2092 optimae
396 2051 530 2084 Barthii
543 2052 768 2093 membranae,
783 2052 944 2085 Petrem.
959 2053 1099 2085 Tauria.
1113 2052 1262 2086 Amstel.
1277 2052 1432 2086 Gronov.
1459 2051 1582 2084 Barth.
1603 2052 1714 2083 Veen.

905 2149 1053 2183 NOTAE

241 2221 254 2244 ⁴
274 2226 309 2259 Is
340 2237 416 2259 curu
441 2236 551 2268 augur
573 2232 678 2267 esset,
702 2228 820 2261 dicere
851 2237 952 2260 ausus

245 2282 300 2310 est
316 2278 455 2318 optimis
471 2278 631 2319 auspiciis
647 2288 689 2310 ea
702 2279 789 2320 geri,
800 2289 877 2321 quae
890 2288 953 2320 pro

247 2328 449 2370 reipublicae
473 2329 583 2360 salute
605 2328 752 2362 fierent:
777 2340 855 2371 quae
872 2339 952 2362 con-

246 2382 301 2410 tra
318 2379 440 2421 Remp.
462 2378 648 2422 ferrentur,
665 2383 784 2413 contra
801 2380 954 2422 auspicia

247 2429 348 2461 fieri.'
808 2435 811 2439 ’

290 2481 353 2511 671
382 2480 486 2512 Verna
503 2481 653 2513 Numina
679 2480 861 2523 [Flamina]
890 2481 954 2513 Fa-

248 2530 339 2563 vonii
353 2540 361 2562 :
379 2540 457 2563 nam
469 2529 552 2563 flatu
567 2531 707 2564 Favonii
719 2532 843 2564 solutae
859 2531 955 2563 nives

249 2586 377 2623 augent
392 2580 533 2614 fluvios:
550 2583 698 2617 Quidam
722 2582 858 2615 codices
877 2583 955 2614 Flu-

249 2633 336 2664 mina
350 2632 491 2666 habent.

293 2686 358 2716 672
384 2684 537 2717 Concreto
546 2684 688 2726 frigore]
712 2685 845 2726 Glacie,
863 2685 956 2725 nive,

252 2745 328 2778 quae
346 2735 427 2767 nihil
444 2736 536 2768 aliud
552 2742 631 2768 sunt
642 2746 743 2778 quam
756 2740 956 2769 concretum

251 2784 371 2828 frigus.

1057 2230 1121 2260 674
1140 2228 1299 2259 Resonant
1312 2226 1470 2267 permixto
1485 2224 1607 2256 turbine
1621 2227 1716 2263 tecta,

1006 2279 1109 2318 Arva,
1131 2282 1287 2318 armenta,
1309 2277 1388 2319 viri]
1408 2277 1539 2309 Noster
1562 2275 1669 2321 Theb.
1687 2285 1715 2307 ι.

1007 2330 1018 2348 ‘
1030 2330 1235 2372 Passimque
1265 2329 1384 2360 insano
1427 2326 1565 2359 turbiue
1598 2329 1715 2367 raptas

1009 2381 1192 2417 Pastorum
1208 2387 1438 2421 pecorumque
1454 2376 1600 2412 domos!

1051 2435 1117 2464 676
1138 2432 1320 2472 Mag-noque
1331 2430 1367 2462 in
1381 2428 1516 2470 aggere]
1533 2427 1639 2462 Collis
1651 2427 1715 2460 sci-

1009 2483 1105 2516 licet.

1051 2537 1116 2566 678
1137 2533 1259 2575 Argia]
1281 2534 1377 2566 Uxor
1398 2531 1588 2575 Polynicis.

1012 2584 1015 2585 ⁷
1051 2587 1117 2617 679
1139 2583 1485 2626 sociumquedolorem]
1501 2583 1647 2625 AEquum
1660 2587 1716 2615 est

1009 2635 1101 2668 enim
1131 2635 1306 2666 mulierem
1334 2633 1461 2666 affeetu
1490 2633 1629 2675 proprio
1659 2643 1717 2666 ca·

1009 2695 1097 2727 rere,
1111 2694 1151 2717 ac
1164 2690 1355 2717 consortem
1364 2689 1400 2716 et
1414 2684 1540 2716 sociam
1553 2694 1628 2716 esse
1640 2684 1715 2716 viro

1002 2737 1173 2779 jocorum,
1201 2736 1380 2773 seriorum,
1419 2734 1644 2768 solicitudinis
1674 2745 1716 2767 ac

1009 2786 1139 2829 gaudii.
