1820 3068
199 236 284 280 ’768

706 249 745 279 P.
781 247 974 280 PAP1N11
1008 244 1172 281 S‘rA’rlr

200 345 377 396 Perdis,
398 345 473 394 ait,
491 344 727 399 lacrymas,
744 350 790 386 et
810 350 856 386 tu
875 346 938 395 (ni
959 343 1114 399 fallor)
1134 345 1287 400 iniquo

201 412 445 456 Pollicitus
465 425 568 454 mea
587 411 705 453 colla
726 411 830 453 duci
847 425 858 454 ε
890 425 1004 453 nunc
1023 425 1159 463 arma,
1180 413 1390 468 diemque

201 480 383 536 Projice
401 494 413 521 ε
442 479 550 534 quid
572 479 776 533 sequeris
797 479 967 520 timidae
986 480 1250 534 compendia
1269 481 1375 522 vitae
1390 483 1409 522 'l

201 548 335 591 Bella
354 551 547 589 manent.

606 546 750 588 Simul
770 546 886 597 haec,
902 553 949 588 et
969 559 1168 588 crassum
1188 544 1400 602 sanguine
1419 547 1555 590 telum

201 615 233 658 J
237 628 310 657 am
330 614 470 657 redit:
500 614 580 656 ille
600 627 733 669 super
753 613 886 655 dictis
908 613 1111 655 infensus
1131 614 1296 656 amaris

203 683 494 737 Prosequitur
515 682 660 725 victos
678 695 688 724 z
722 681 829 723 Non
849 681 950 723 haec
968 681 1217 723 Trieterica
1236 682 1369 724 vobis

1582 611 1670 655 660

205 750 316 792 Nox
335 750 481 804 patrio
502 750 558 793 de
578 763 702 792 more
722 750 873 792 venite
904 763 993 791 non
1014 749 1151 803 Orgia
1173 749 1331 791 Cadmi

205 818 414 869 CernitiS,
437 821 515 860 aut
534 817 692 861 avidas
714 817 945 860 Bacchum
967 818 1179 859 scelerare
1200 821 1423 871 parentes,

206 886 253 930 N
256 886 433 928 ebridas
453 891 500 928 et
520 886 700 941 fragiles
719 885 896 941 thyrsos
916 888 1091 939 portare
1111 885 1307 938 putastis

204 1007 281 1038 deus
294 1016 356 1038 non
370 1008 494 1037 mutata
505 1005 595 1044 facie
608 1004 696 1037 dixit
708 1015 719 1035 .-
741 1003 877 1035 Amiteis
890 1013 987 1034 vanas
1002 1003 1168 1044 lacrymas,
1182 1006 1218 1035 tu
1231 1004 1328 1035 etiam
1341 1001 1546 1044 (nisisallor)
1558 1001 1675 1044 prond-

204 1049 278 1080 sisti
292 1052 385 1089 caput
396 1058 498 1080 meum
512 1048 636 1087 nefario
649 1047 796 1088 principi.
841 1047 935 1078 Nunc
959 1046 1100 1086 relinque
1122 1055 1212 1077 arma
1237 1049 1270 1077 et
1292 1046 1388 1077 diem.
1434 1045 1521 1082 Quia
1545 1045 1678 1077 sectaris

207 1093 328 1124 lucrum
341 1091 449 1123 ειη-τίω
463 1089 562 1123 vitoe?
598 1091 750 1131 Superest
765 1089 888 1121 bellum.
932 1088 1016 1120 Haec
1029 1088 1126 1128 dixit,
1141 1091 1173 1119 et
1186 1089 1291 1120 eodem
1310 1092 1447 1129 tempore
1461 1089 1556 1120 telum
1568 1097 1678 1120 eruore

198 1134 434 1174 foedatumjam
448 1135 608 1165 revulsum
623 1136 681 1165 est.
726 1132 784 1164 Ille
797 1132 925 1172 insuper
939 1132 1043 1163 iratus
1057 1131 1178 1163 acerbis
1191 1132 1295 1163 verbis
1306 1131 1438 1163 insultat
1453 1131 1564 1163 ciclis.-
1594 1130 1677 1162 Hoee

207 1187 272 1209 nox
287 1187 349 1209 non
363 1181 421 1218 est,
435 1181 470 1208 ue
486 1177 552 1217 illa,
565 1186 634 1217 quoe
648 1177 690 1206 nd
712 1185 781 1213 vos,
796 1175 890 1206 tertio
905 1183 1022 1215 quoque
1043 1184 1137 1211 anno,
1152 1174 1237 1206 redit
1259 1184 1301 1205 ex
1320 1175 1390 1205 ritu
1412 1173 1528 1215 patrio.
1574 1173 1678 1213 Orgia

211 1221 325 1252 Cadmi
338 1230 400 1251 non
414 1221 543 1259 videtis,
556 1223 612 1250 aut
626 1218 739 1250 matris
745 1218 893 1256 furentes
907 1217 1131 1248 commaculare
1145 1215 1311 1248 sceleribus
1324 1226 1415 1249 sacra
1430 1217 1562 1248 Bacchi.
1601 1216 1678 1248 Cre«

206 1263 431 1302 didistisserre
442 1263 539 1304 pelles
553 1263 727 1302 damarum,
742 1265 773 1293 et
789 1264 911 1292 teneros
927 1260 1050 1300 thyrsos
1064 1261 1104 1291 ad
1121 1260 1274 1300 ignavum
1287 1269 1407 1298 mum,
1422 1263 1456 1292 et
1466 1268 1623 1292 conserere
1637 1259 1679 1290 ad

810 1356 910 1368 “a“
913 1355 1053 1368 ”MOO

211 1439 320 1469 -656
343 1436 473 1468 Omnes
503 1435 606 1468 codd.
631 1435 826 1475 Bar-thiam,
855 1436 960 1468 etiam
991 1436 1156 1476 optimus,
1183 1443 1260 1466 cum
1292 1434 1393 1466 laur.
1419 1431 1606 1471 Ber-nertii,
1633 1433 1681 1464 nil

201 1480 328 1519 fallor,-
351 1479 485 1511 Buslid.
502 1479 653 1520 Lipsian.
672 1480 779 1520 Lang.
803 1479 945 1510 Taurin.
967 1479 1023 1510 alii
1048 1478 1147 1510 codd.
1173 1487 1251 1509 cum
1278 1475 1381 1508 Aldd.
1405 1476 1516 1508 Colin.
1545 1475 1680 1516 Gryph.

211 1524 320 1554 Basil.
339 1522 453 1554 Plant.
470 1524 534 1553 διο.
544 1522 580 1553 ni
591 1523 814 1559 sallon—658
836 1523 944 1562 Lang.
962 1522 1066 1553 Laur-
1083 1520 1216 1552 Buslid.
1234 1519 1386 1559 Lipsian.
1401 1519 1488 1550 Dan.
1513 1518 1595 1550 Pnt.
1614 1517 1682 1549 Pe-

212 1572 283 1598 tav.
297 1566 440 1597 Venett.
457 1564 561 1596 Aldd.
578 1565 690 1596 Colin.
702 1565 956 1606 Gryph.Basil.
973 1569 1011 1595 et
1025 1564 1141 1595 Planr.
1165 1563 1239 1604 quid
1253 1562 1391 1603 sequeris
1415 1562 1525 1592 timide
1543 1570 1684 1602 compen·

213 1609 269 1641 dia
282 1609 368 1640 vitae.
410 1609 421 1627 ‘
433 1608 463 1640 N
470 1618 514 1639 on
530 1617 709 1648 concoquo
725 1609 813 1639 hanc
829 1606 1033 1639 sententiam
1049 1619 1058 1646 ;
1081 1605 1142 1637 sed
1159 1616 1179 1636 a
1191 1604 1288 1636 libris
1304 1604 1504 1643 destitutus,
1520 1603 1568 1634 nil
1591 1604 1682 1635 ultra

211 1651 322 1683 habeo
340 1651 431 1692 quod
447 1649 580 1683 dicam:
602 1651 706 1682 Bern.
728 1651 839 1682 timide
852 1650 990 1691 sequeris
1007 1655 1151 1690 uterque
1168 1648 1291 1679 Behot.
1306 1646 1428 1678 timida»
1440 1646 1578 1687 sequeris
1591 1646 1682 1687 opti-

211 1705 277 1726 mae
295 1694 428 1725 Barthii
447 1693 657 1725 membranae
674 1697 712 1725 et
725 1693 867 1725 Taurin.
882 1693 1004 1724 timido
1017 1691 1131 1732 queris
1147 1690 1334 1722 Burmanni
1356 1690 1486 1728 codex3
1507 1689 1598 1720 unde
1624 1689 1682 1719 ille

212 1737 407 1777 suspicatus
422 1736 537 1768 fuerat
551 1745 651 1776 posse
661 1736 753 1776 legit
775 1736 852 1777 quid
866 1735 989 1767 timide
998 1734 1140 1776 quereris
1162 1734 1340 1774 compendia
1366 1732 1561 1763 vitm—ooo
1583 1730 1682 1762 Unus

214 1780 341 1811 Behot.
356 1779 451 1810 dictis
461 1778 602 1821 offensus
626 1779 861 1811 mrim—661
889 1777 1066 1809 Trietarica
1090 1777 1232 1808 Tauria.
1263 1780 1299 1806 et
1323 1776 1554 1806 Bura—662
1580 1773 1684 1813 Orgia

217 1822 339 1855 Bacchi
366 1822 477 1855 codex
505 1821 812 1854 Burmanni—664
848 1821 1011 1853 Petreus.
1046 1825 1085 1852 et
1110 1820 1228 1851 Burm.
1242 1818 1360 1857 faciles
1382 1817 1516 1858 thyrsos.
1537 1816 1682 1848 Taurin.

880 1916 1025 1950 NOTAE

213 2003 290 2026 rore
322 1999 492 2035 perstare,
523 1997 561 2025 et
590 1993 683 2025 nolle
719 1992 921 2034 ignoscere:

215 2045 274 2087 qui
304 2045 393 2076 enim
419 2044 671 2085 ignoscentium
699 2047 850 2075 mentem
866 2051 924 2083 ge·

212 2099 305 2136 runt,
329 2095 485 2127 nubilum
508 2105 577 2127 suae
592 2093 730 2135 frontis,
754 2100 790 2126 et
807 2093 923 2124 vultus

216 2150 392 2178 serenant.

258 2198 324 2227 656
347 2195 461 2236 Inique
477 2194 564 2235 duci]
590 2195 736 2226 Eteocli.

223 2260 225 2262 ’
258 2249 323 2279 658
349 2246 435 2282 Quid
449 2246 587 2287 sequeris
607 2245 729 2277 timidae
742 2243 925 2285 compendia

219 2299 317 2330 eitae?
349 2297 443 2328 Bella
470 2295 614 2335 manent]
639 2296 719 2327 Non
749 2299 804 2326 est
832 2293 924 2336 qnod

217 2354 329 2390 petae,
346 2352 383 2378 et
399 2347 516 2378 donari
533 2345 599 2378 tibi
614 2346 699 2378 velis
718 2355 815 2377 nsum
834 2345 924 2376 timi-

218 2398 273 2429 dae
293 2402 330 2428 et
345 2397 459 2428 brevis
476 2397 573 2437 vitae,
587 2405 664 2428 cum
680 2395 812 2433 statim,
834 2394 926 2426 bello

213 2449 286 2489 jam
312 2452 447 2487 exorto,
462 2446 555 2478 illam
578 2447 612 2478 in
636 2445 711 2478 acie
727 2445 926 2487 perditurus

220 2508 269 2531 es.

262 2551 327 2580 659
350 2548 454 2579 Simul
468 2546 550 2587 h'cec]
572 2547 719 2588 Suppb,
735 2546 835 2578 dixit.
882 2546 927 2577 Et

218 2609 356 2631 crassum
367 2598 520 2637 sanguine
532 2598 627 2629 telum
637 2598 714 2629 Jam
726 2597 826 2639 redit]
851 2597 929 2630 Hoc

221 2649 324 2682 modo
340 2648 501 2690 loquendi
526 2648 744 2680 celeritatem
767 2648 857 2679 ictus
871 2647 929 2679 de-

221 2701 366 2734 notavit.
412 2700 527 2741 Redit]
551 2700 603 2732 Ex
623 2709 770 2742 corpore
796 2700 928 2732 Menoe-

226 2758 272 2785 tae
289 2752 435 2783 scilicet.

263 2805 327 2835 661
354 2801 544 2843 Trieterica]
570 2801 690 2844 Orgia,
710 2810 812 2835 sacra
843 2801 930 2834 Bac-

977 1992 1033 2024 chi
1066 1990 1260 2031 triennalia,
1296 1989 1377 2031 quia
1414 1988 1518 2020 tertio
1547 1995 1683 2028 quoque

978 2051 1067 2074 anno
1080 2045 1186 2074 noctu
1209 2039 1492 2078 celebrabantur,
1506 2037 1541 2068 in
1557 2046 1682 2068 memo-

978 2094 1062 2125 riam
1093 2092 1272 2125 triennalis
1303 2088 1535 2132 expeditionis
1557 2087 1684 2120 Bacchi

978 2145 1014 2176 in
1027 2143 1175 2176 Indiam.

1021 2197 1086 2226 662
1111 2192 1231 2235 Orgia]
1256 2191 1406 2233 Proprie
1421 2198 1520 2226 sacra
1530 2186 1684 2220 Bacchi:

979 2245 1118 2277 abusive
1146 2243 1251 2275 etiam
1291 2250 1355 2284 pro
1383 2240 1491 2273 sacris
1519 2238 1687 2280 cujusque

978 2295 1049 2328 Dei
1077 2298 1268 2327 sumuntur.
1312 2291 1478 2333 Virgilius
1491 2288 1688 2322 IEneid.1v.

980 2351 990 2365 ¹
1002 2345 1072 2378 Ubi
1089 2345 1207 2376 audito
1220 2342 1401 2375 stimulant
1409 2340 1588 2374 trieterica
1598 2340 1687 2371 Bac-

980 2395 1043 2428 cho
1059 2393 1193 2436 Orgia:
1407 2398 1409 2401 ’

1023 2447 1087 2477 663
1110 2445 1179 2477 Aut
1207 2444 1316 2476 avidas
1349 2441 1509 2478 Bacchum
1536 2441 1689 2473 scelerare

977 2495 1142 2538 parentes]
1165 2494 1208 2527 ld
1237 2499 1304 2531 est,
1333 2491 1450 2525 furore
1473 2490 1621 2524 immisso
1651 2490 1688 2521 in

982 2548 1092 2580 scelus
1120 2547 1299 2589 impellere
1324 2550 1463 2578 matres.
1507 2545 1554 2577 Et
1576 2543 1691 2586 tangit

981 2598 1038 2629 hic
1067 2596 1220 2629 fabulam
1243 2596 1394 2638 Agnes,
1414 2605 1504 2638 qnae,
1524 2593 1641 2627 furore
1669 2603 1691 2626 a

983 2647 1124 2680 Baccho
1150 2646 1300 2679 immisso
1329 2645 1476 2688 percita,
1511 2644 1691 2687 proprium

983 2697 1090 2730 filium
1107 2696 1302 2737 discerpsit.

1027 2751 1092 2780 664
1118 2746 1291 2789 Nebriaas]
1309 2744 1485 2779 Nebrides
1497 2745 1604 2787 pelles
1613 2743 1689 2776 hin-

984 2798 1156 2839 nulorum,
1185 2797 1310 2840 quibus
1330 2795 1481 2830 Baccha
1502 2793 1691 2829 indueban-
