1820 3068
205 220 293 263 810
709 231 749 260 P.
782 228 974 260 ΡΛΡιΝιι
1009 229 1175 260 s'rArn

208 326 404 369 Bellator
424 326 556 377 redit,
579 325 768 367 adverso
790 324 861 366 cui
882 324 1013 375 colla,
1033 337 1200 378 suoque

209 394 446 448 Sanguine,
469 392 804 448 proscissisque
823 396 982 434 natant
1001 392 1254 446 palearibus
1275 392 1402 435 armi.

207 461 337 504 'runc
359 474 538 516 quoque
558 460 686 502 lassa
706 462 841 501 tumet
860 460 1017 510 virtus,
1039 459 1314 514 multumque
1335 460 1536 516 superbit

210 529 398 572 Pectore
419 529 660 583 despecto:
692 540 838 569 vacua
851 527 977 582 jacet
997 527 1140 569 hostis
1160 540 1293 570 arena
1639 567 1642 569 ,

210 597 360 652 Turpe
380 610 572 651 gemens,
593 595 847 650 crudosque
866 599 988 638 vetat
1009 596 1172 637 sentire
1192 595 1389 638 dolores.
1419 607 1423 609 ’
1595 597 1684 639 335

214 664 342 706 Talis
363 670 471 707 erat.
532 663 714 705 Medias
736 664 868 705 etiam
889 677 980 706 non
1002 663 1174 706 destitit
1193 664 1341 714 urbes,

215 732 446 787 Quicquid
466 736 511 774 et
531 730 721 786 Asopon
738 734 997 787 veteresque
1018 732 1252 786 interjacet
1271 730 1436 786 Argos,

215 799 496 842 Inflammare
518 799 661 852 odiis;
692 799 966 854 multumque
987 804 1033 842 et
1049 800 1218 854 ubique
1238 804 1449 842 retexens

216 868 433 922 Legatum
458 879 559 909 sese
582 866 723 909 Graia
745 867 801 909 de
822 871 945 920 gente
964 867 1172 922 petendis

214 936 315 978 Isse
334 948 464 990 super
483 935 627 989 regnis
648 934 823 988 profugi
846 935 1098 990 Polynicis,
1118 938 1163 977 at
1183 935 1289 976 inde
1602 935 1690 977 340

216 1003 341 1054 Vim,
361 1006 553 1053 noctem,
575 1003 736 1054 sceluS,
758 1015 894 1053 arma,
910 1003 1056 1054 dolos,
1077 1017 1132 1045 ea
1150 1003 1321 1046 foedera
1339 1016 1526 1059 passum

220 1071 364 1126 Regis
385 1070 587 1113 Echionii
605 1083 617 1123 3
644 1070 765 1113 fratri
788 1083 870 1112 sua
884 1069 987 1126 jura
1006 1070 1174 1124 negari.
1397 1070 1408 1078 “

222 1203 322 1236 :ictor
337 1207 460 1245 taurus,
482 1203 570 1244 cnjus
590 1203 700 1236 cervix
714 1206 746 1236 et
765 1202 886 1235 humeri
899 1202 1049 1242 confossis
1060 1202 1386 1284 palearibusffluitant
1399 1204 1433 1235 in
1450 1213 1505 1235 suo
1528 1207 1563 1236 et
1588 1202 1697 1235 hostici

222 1256 343 1284 auore,
358 1247 532 1280 revertitur
545 1249 581 1280 in
595 1250 720 1279 assueta
733 1250 827 1288 prata
835 1257 849 1284 ,·
873 1250 946 1278 tunc
959 1255 1076 1288 quoque
1081 1245 1229 1286 fatigata
1258 1247 1395 1278 mimda
1409 1246 1561 1288 superbit,
1573 1250 1602 1278 et
1617 1247 1696 1277 mul-

222 1292 290 1321 tum
305 1294 403 1322 tumet
418 1300 545 1322 cernens
559 1294 667 1331 pectus
682 1300 771 1321 suum
781 1300 792 1321 .·
815 1289 924 1321 rivulis
948 1290 1103 1321 sternitur
1115 1289 1151 1321 in
1177 1299 1272 1320 vacuo
1286 1290 1425 1330 pulvere,
1434 1290 1520 1329 foede
1533 1290 1652 1327 dolens,
1666 1291 1698 1320 et

220 1333 367 1373 prohibet
380 1334 498 1365 sentire
509 1343 608 1365 saevas
619 1333 743 1374 plagas.
791 1332 878 1364 Talis
894 1333 1017 1373 Tydeus
1031 1335 1112 1364 erat.
1166 1332 1240 1364 Non
1254 1332 1350 1364 etiam
1364 1333 1481 1364 desinit
1495 1332 1575 1364 odiis
1588 1341 1696 1363 accen-

223 1376 298 1408 dere
311 1376 468 1417 civitates,
479 1385 536 1417 per
552 1386 628 1417 quas
641 1376 771 1414 transit,
785 1378 816 1407 et
829 1376 895 1407 loca
908 1375 972 1407 sita
984 1375 1069 1407 inter
1083 1374 1222 1416 Asopon,
1232 1378 1262 1406 et
1278 1374 1421 1417 antiquos
1435 1376 1552 1415 Argos,
1566 1375 1698 1406 multum

225 1421 258 1450 et
272 1418 386 1460 ubique
400 1422 554 1460 repetens,
569 1429 601 1450 se
623 1422 779 1450 amtorem
793 1427 833 1450 ex
851 1419 966 1450 Groeca
979 1417 1104 1450 natione
1114 1417 1290 1459 profectum
1301 1418 1407 1458 fuisse
1422 1419 1463 1450 ad
1483 1418 1701 1459 reposcendum

224 1471 359 1502 regnum
374 1463 476 1494 exulis
495 1462 667 1504 Polynicis,
685 1465 719 1493 at
734 1462 807 1493 inde
814 1461 980 1502 pertulisse
988 1460 1181 1500 violentiam,
1190 1465 1358 1494 nocturnas
1369 1460 1700 1502 insidias‚flagieium,

227 1513 332 1547 arma,
349 1506 508 1544 fraudem
530 1506 611 1537 hanc
622 1505 727 1548 fidem
740 1504 903 1545 esseregis
924 1504 1079 1536 Thebani.-
1094 1504 1199 1543 fratri
1219 1514 1351 1545 regnum
1363 1503 1525 1545 denegari.
1570 1505 1701 1536 Promte

838 1604 1079 1618 eeeeeeeeeee

229 1674 324 1706 Dan.
346 1673 474 1705 Petav.
499 1674 606 1714 Lang.
624 1674 726 1705 Laur.
743 1671 895 1714 Lipsian.
920 1671 1054 1705 Buslid.
1072 1675 1110 1704 et
1126 1672 1250 1704 Behot.
1267 1674 1300 1704 2.
1316 1681 1394 1703 cum
1423 1670 1504 1702 edd.
1524 1674 1611 1702 vett.
1630 1680 1704 1711 pro-

229 1716 390 1758 scissique,
406 1717 460 1748 vel
480 1716 670 1758 procissique
682 1727 695 1754 ;
716 1716 798 1747 Put.
824 1720 860 1748 et
885 1715 1038 1747 nonnulli
1060 1715 1238 1747 Bartlniani
1259 1714 1600 1755 proscis⁸isque.—333
1627 1713 1706 1745 Tum

231 1770 351 1802 quoque
366 1765 512 1801 uterque
528 1759 762 1791 Remu—340
785 1759 865 1790 Esse
879 1767 973 1799 super
987 1758 1096 1799 regnis
1111 1759 1308 1790 nam—341
1334 1757 1456 1789 Behot.
1473 1759 1504 1788 1.
1522 1766 1559 1788 ea
1577 1756 1706 1788 vulnera

228 1803 472 1845 passim—342
496 1802 627 1834 Fratris
652 1802 816 1842 Echionii,
831 1801 950 1843 fram,
973 1803 1026 1843 ⁸5⁶·
1054 1801 1194 1842 optimae
1215 1799 1351 1832 Barthii
1373 1799 1593 1840 membranae,
1615 1798 1706 1841 quod

897 1898 1045 1932 NOTAE

213 2022 217 2023 ⁷
281 1982 344 2012 331
370 1980 513 2011 Adverso
527 1978 578 2011 cui
593 1978 685 2020 colla]
720 1978 833 2010 Locus
850 1981 946 2010 recte
1002 1976 1229 2009 Phliasiorum
1255 1975 1394 2017 finibus,
1410 1980 1515 2018 atque
1541 1975 1621 2008 iude
1647 1984 1711 2017 per

234 2031 342 2064 habet
357 2041 366 2062 z
382 2029 420 2062 τὸ
431 2031 559 2062 adverso
571 2030 815 2070 interpretare,
827 2028 948 2060 adver·
1003 2027 1200 2069 Sicyonium
1231 2036 1350 2069 agrum
1387 2028 1502 2068 lapsus
1543 2026 1579 2058 in
1615 2034 1711 2058 mare

235 2082 328 2120 sarii,
344 2080 466 2122 supple
480 2080 658 2120 sanguiue.
999 2078 1104 2120 juxta
1128 2077 1330 2110 Corinthum
1355 2075 1477 2110 influit.
1520 2076 1712 2110 Pausanias

281 2136 344 2165 333
373 2133 486 2164 Tumet
512 2131 632 2173 virtus]
667 2129 830 2172 Ingentia
859 2129 950 2161 enim
1007 2127 1236 2161 Corinthiacis
1253 2126 1362 2160 refert
1379 2127 1595 2160 Maeandrum
1611 2138 1632 2160 a
1647 2128 1712 2160 Ce-

238 2183 394 2217 facinora
406 2181 601 2223 superbiam
615 2181 819 2223 plerumque
831 2180 867 2212 in
880 2180 952 2212 ani·
1006 2179 1093 2211 lenis
1110 2188 1173 2220 per
1188 2179 1373 2221 Phrygiam
1389 2184 1426 2211 et
1442 2180 1578 2212 Cariam
1594 2178 1714 2220 delap—

240 2236 305 2267 mis
323 2236 506 2276 generant.
1006 2240 1093 2271 sum,
1108 2231 1142 2262 in
1158 2240 1253 2262 mare
1269 2229 1312 2261 ad
1336 2230 1494 2262 Miletum
1519 2238 1715 2270 erumpere,

283 2287 349 2318 334
371 2285 507 2316 Pectore
522 2281 679 2323 despecto]
703 2281 747 2313 Id
759 2285 826 2322 est,
841 2284 878 2313 ut
890 2281 952 2313 (le-
1006 2281 1087 2313 inde
1109 2281 1145 2313 in
1161 2281 1441 2322 Peloponnesum
1468 2278 1715 2322 subterfluere,

243 2335 348 2377 spicit
365 2339 488 2377 pectus
505 2331 701 2365 confossum
717 2332 865 2373 glorioso
880 2331 952 2363 vul-
1006 2336 1111 2372 atque
1128 2331 1197 2362 illie
1218 2329 1360 2372 Asopon
1375 2329 1463 2362 fleri.
1505 2331 1632 2363 Veteres
1647 2329 1715 2363 Ar-

243 2395 337 2419 nere.
389 2384 510 2426 Vacua]
537 2382 640 2417 Quod
666 2383 701 2414 in
727 2392 771 2414 ea
794 2383 885 2414 solus
900 2382 953 2424 ja·
1004 2381 1077 2422 gor]
1099 2381 1192 2415 Quia
1206 2380 1292 2423 Argi
1307 2381 1352 2414 ab
1367 2382 1497 2414 Inacho
1513 2381 1658 2414 conditi.

247 2440 338 2470 ceat.
1050 2435 1116 2465 339
1140 2432 1260 2474 Graia]
1298 2432 1400 2466 Quod
1431 2432 1540 2474 magis
1572 2431 1717 2464 mirum:

289 2490 352 2519 335
378 2485 558 2525 Crudosque
573 2486 659 2515 vetat
682 2483 802 2515 sentire
814 2481 953 2523 dolores]
1011 2483 1129 2517 Graeci
1145 2484 1234 2515 enim
1251 2483 1340 2525 juris
1359 2483 1512 2525 gentium
1536 2482 1720 2515 observan-

245 2538 292 2571 Id
314 2542 382 2578 est,
409 2537 480 2568 laus
504 2534 656 2567 victoriae
689 2538 726 2566 et
748 2534 830 2566 victi
855 2533 958 2575 gemi-
1012 2533 1148 2567 tissimi.

249 2595 306 2622 tus
329 2598 407 2620 eum
424 2589 546 2619 vetant
568 2585 698 2617 sentire
721 2584 863 2616 vulnera
884 2592 958 2624 sua,
1055 2587 1118 2617 341
1149 2585 1234 2626 Vim,
1248 2584 1319 2626 ζα]
1352 2583 1430 2616 Hoc
1456 2582 1603 2615 vidimus
1628 2581 1722 2615 libro>

250 2651 309 2673 seu
326 2638 545 2672 consolantur
561 2646 649 2668 eum.
707 2648 722 2661 τ
1012 2635 1194 2677 superiori.

294 2693 357 2723 337
381 2688 521 2730 Asopon]
557 2686 693 2728 Asopus
714 2684 837 2718 fluvius
859 2686 961 2718 Boeo-
1060 2688 1124 2718 342
1141 2683 1303 2726 Echionii]
1317 2682 1481 2716 Thebani·
1507 2681 1637 2724 Fratri]
1652 2681 1721 2716 Po·

254 2742 329 2780 tiae,
356 2739 503 2780 Thebas,
542 2738 697 2778 Plateas‚
725 2739 762 2769 et
790 2737 964 2778 Tanagras
1018 2736 1138 2779 lynici.

256 2788 513 2834 praeterfluens:
552 2787 659 2820 habet
696 2789 792 2819 ortua
822 2795 901 2819 suos
929 2786 965 2819 in
