1820 3068
246 210 360 253 1058

250 317 466 360 OEbalios
488 315 694 358 sublimis
714 314 806 370 agit
824 327 931 369 spes
948 315 1155 370 proxima
1172 316 1338 370 palmae

248 384 551 439 Amphiaraus
572 396 736 438 equos:
767 386 843 425 tua
861 383 977 425 furto
997 384 1127 438 lapsa
1145 398 1360 439 propago,

250 454 442 509 Cyllare,
459 454 566 495 dum
587 451 790 506 Scythici
810 452 1010 494 diversus
1031 452 1088 493 ad
1105 453 1223 495 ostia
1244 454 1368 507 ponti

249 521 412 563 Castor
433 520 693 575 Amyclaeas
711 533 834 561 remo
854 523 1081 574 permutat
1098 520 1311 562 habenas.

250 589 358 644 lpse
377 589 529 631 habitu
549 589 732 631 niveus:
761 588 879 631 nivei
899 589 1007 631 dant
1026 589 1145 631 colla
1157 589 1358 644 jugales:

249 656 474 699 Concolor
493 659 560 698 est
576 656 690 698 albis
708 661 753 698 et
771 657 932 708 cassis,
950 660 994 699 et
1011 656 1166 707 infula,
1187 657 1347 700 cristis.

249 723 370 775 Quin
390 728 435 766 et
452 723 730 766 Thessalicis
747 724 859 766 felix
879 723 1097 766 Admetus
1117 725 1174 767 ab
1193 725 1284 767 oris

248 790 347 833 Vix
368 790 540 833 steriles
561 791 807 844 compescit
824 804 988 846 equas3
1019 791 1284 835 Centaurica
1303 792 1453 836 dicunt

249 859 456 902 Semina:
488 858 636 909 credo,
654 858 770 901 adeo
792 872 953 901 sexum
969 860 1267 914 indignantur,
1286 866 1334 903 et
1355 863 1502 905 omnis

249 928 304 970 In
325 928 440 969 vires
457 926 652 969 adducta
673 927 856 972 Venus:
893 934 1175 983 noctemque,
1192 929 1398 984 diemque

251 995 544 1046 Ass-immam,
566 996 751 1038 maculis
769 998 1158 1050 internigrantibus
1181 998 1319 1051 albae:

248 1064 423 1106 Tantus
442 1067 626 1118 uterque
648 1064 794 1106 color:
826 1065 950 1107 credi
970 1065 1261 1128 nec'degener
1274 1065 1355 1107 illo

754 221 794 252 Ρ.
828 220 1024 252 PAP1N11
1057 220 1224 253 S‘i'A'ru

1621 591 1714 653 ,330

1627 931 1717 974 335

247 1179 377 1211 monitis
389 1178 527 1211 animum
540 1181 711 1212 advertere.
757 1179 911 1211 Excelsns
925 1178 1136 1220 Amphiaraus
1148 1179 1237 1213 ducit
1248 1191 1341 1222 equos
1352 1181 1497 1214 OEbulios
1509 1191 1578 1213 cum
1590 1180 1715 1224 fiducia

244 1222 390 1262 proxima
405 1222 579 1254 obtinenda
594 1223 756 1254 victorioe:
778 1226 846 1261 tua,
873 1223 1011 1264 Cyllare,
1026 1222 1147 1259 furtim
1169 1227 1335 1264 procreata
1358 1225 1485 1264 soboles,
1510 1220 1584 1257 dum
1595 1225 1718 1256 Castor

247 1265 338 1305 longe
350 1266 481 1297 dissitus
494 1267 534 1297 ad
551 1265 663 1304 fauces
684 1265 780 1296 maris
799 1265 954 1306 Scythici,
975 1269 1135 1306 permutat
1159 1271 1249 1299 tonsa
1273 1267 1448 1309 Amyclaeos
1462 1268 1597 1306 sraenos.
1644 1268 1715 1308 Ipse

245 1307 460 1348 Amphiaraus
473 1308 602 1341 indutus
615 1312 684 1340 erat
699 1308 833 1340 candida
847 1312 931 1340 veste
941 1319 951 1339 :
972 1308 1037 1339 albi
1050 1310 1119 1349 equi
1132 1309 1215 1350 jugo
1229 1310 1378 1342 cervicem
1397 1310 1566 1350 subjiciunt
1577 1321 1589 1342 .·
1605 1311 1714 1350 galea,

247 1353 279 1382 et
294 1350 409 1390 infula,
425 1355 455 1383 et
469 1353 575 1384 cristoe
587 1355 678 1383 erant
693 1352 788 1383 etiam
803 1351 955 1382 candidae.
995 1351 1081 1387 Quin
1096 1356 1128 1383 et
1134 1352 1321 1389 fortunatus
1335 1352 1488 1385 Admetus
1502 1364 1518 1385 e
1535 1352 1715 1385 Thessalica

247 1395 375 1434 regione
389 1396 445 1426 vix
459 1395 576 1427 co'e'rcet
587 1394 782 1434 infoecundas
796 1403 888 1435 equas
895 1404 908 1431 ,·
914 1393 1031 1433 ferunt
1045 1404 1110 1426 esse
1122 1395 1351 1428 Centaurorum
1365 1397 1494 1437 stirpem
1504 1407 1515 1428 :
1534 1399 1627 1436 puto,
1635 1396 1713 1427 adeo

247 1440 432 1469 aversantur
445 1447 566 1478 sexum,
586 1442 617 1469 et
631 1438 730 1469 omnis
745 1438 840 1468 libido
855 1437 889 1468 in
903 1436 999 1468 robur
1012 1441 1174 1469 contracta
1188 1442 1245 1470 est.
1291 1439 1488 1479 Exprimunt
1500 1440 1627 1471 diemret
1641 1448 1714 1470 noe-

247 1483 311 1511 tem
334 1490 506 1522 conspersoe
530 1480 674 1513 candidis
693 1484 725 1512 et
746 1480 851 1521 nigris
876 1479 1007 1511 maculis
1013 1490 1027 1518 ;
1051 1483 1232 1513 tantundem
1253 1481 1338 1513 enim
1352 1483 1512 1524 utrimque
1535 1484 1584 1514 est
1597 1481 1717 1514 eoloris.

862 1565 1100 1579 mmmm

246 1625 299 1653 tus
320 1633 331 1658 ,-
353 1631 439 1654 unus
454 1622 575 1654 Barth,
595 1625 718 1663 eaptus,
743 1626 779 1653 et
795 1631 857 1663 pro
881 1632 914 1653 v.
930 1623 951 1654 l.
967 1625 1196 1654 cautus—329
1219 1622 1297 1654 Duo
1310 1622 1512 1654 Barthiani:
1535 1631 1620 1654 remo
1642 1630 1713 1661 per-

244 1665 468 1698 mittin—331
495 1665 644 1697 Concolor
659 1669 708 1697 est
729 1665 830 1697 niveis
845 1675 931 1697 unus
955 1665 1283 1698 musianus—334
1306 1665 1317 1684 ‘
1333 1666 1496 1698 Melior-es
1520 1665 1600 1697 libri
1623 1664 1713 1696 eredo

908 1750 1055 1783 NOTAE

287 1819 353 1848 326
378 1816 535 1858 OEbalios]
571 1817 739 1855 Lacones,
755 1815 797 1847 ab
815 1815 956 1848 OEbalia
1052 1818 1116 1847 332
1140 1816 1236 1848 Felix
1254 1815 1423 1858 Admetus]
1453 1814 1636 1855 Admetus,
1650 1823 1713 1847 rex

247 1867 388 1909 regione
405 1868 577 1899 Laconiae.
621 1866 699 1908 Spes
718 1866 863 1907 proxima
885 1867 954 1907 pal·
1008 1866 1211 1907 Thessaliae,
1216 1868 1305 1906 felix
1326 1867 1439 1899 dictus
1455 1865 1532 1906 fnit,
1548 1865 1639 1908 quod
1653 1875 1713 1898 ca-

245 1917 568 1958 mae]’Ampliiaraus
593 1927 673 1958 spes
699 1917 856 1958 proxima
883 1917 954 1958 pal-

244 1979 322 2002 mm.
368 1970 418 2001 Ut
432 1970 600 2010 Virgilius
617 1969 651 1999 in
668 1968 862 2000 Bucolicis:
885 1969 895 1985 ‘
909 1968 954 2000 Et

245 2025 425 2052 certamen
441 2026 531 2061 erat,
545 2018 706 2060 Corydon
722 2028 799 2050 cum
812 2017 953 2059 Thyrsi-

245 2072 303 2112 de,
319 2071 503 2113 magnum!

288 2124 353 2154 327
376 2121 496 2162 Furto]
519 2120 715 2154 Concubitu
725 2119 845 2152 furtim
861 2129 952 2152 com-

243 2183 360 2206 misso.

287 2227 352 2256 328
378 2223 520 2266 Cyllare]
553 2222 710 2263 Cyllarus
730 2231 856 2254 nomen
871 2222 950 2263 equi

245 2275 408 2308 castoris.
451 2273 594 2316 Scythici
605 2272 711 2315 ponti]
736 2271 874 2312 Euxini,
888 2281 947 2303 cu-

238 2327 296 2368 jus
326 2325 626 2367 Septemtrionalis
651 2333 712 2356 ora
740 2323 907 2356 accolitur
931 2333 952 2355 a

243 2376 395 2418 Scythis,
411 2376 501 2408 unde
517 2377 526 2394 ‘
536 2375 737 2417 Scythicum
748 2375 758 2390 '
773 2379 885 2407 vocat.

286 2430 352 2459 329
377 2426 504 2467 Castor]
540 2426 638 2460 Jovis
660 2430 697 2458 et
718 2425 823 2458 Ledae
849 2424 952 2457 filins.

241 2478 421 2520 Amyclaeas
433 2488 518 2510 remo
529 2481 690 2519 permutat
703 2477 853 2519 habenas]
870 2477 951 2510 Cas·

242 2532 299 2562 tor
314 2528 404 2562 enim
421 2529 582 2560 comitem
606 2539 643 2560 se
658 2528 778 2562 Jasoni
794 2528 890 2559 eunti
906 2527 949 2560 ad

242 2579 498 2622 expeditionem
515 2578 712 2611 Colchicam
729 2578 951 2620 adjunxerat,

243 2636 282 2662 et
310 2631 436 2662 relicto
465 2629 641 2671 equitandi
672 2629 803 2670 studio,
834 2639 951 2661 remex

242 2680 356 2713 factus
368 2685 462 2713 erat:
479 2681 570 2712 unde
581 2679 777 2721 Amyclaeas
790 2689 883 2711 remo
898 2679 949 2711 di-

244 2731 335 2764 citur
350 2735 562 2772 permutasse
574 2730 737 2762 habenas.
760 2729 953 2773 Amycloeas]

245 2781 302 2815 Ab
317 2781 472 2824 Amyclis
487 2782 614 2824 oppido
630 2781 805 2815 Laconiae.

1007 1915 1158 1948 tissimus
1173 1916 1239 1948 fuit
1255 1916 1388 1949 duobus
1402 1916 1493 1956 Diis,
1509 1915 1661 1956 Apollini
1677 1920 1714 1948 et

1008 1967 1153 1999 Herculi
1167 1977 1176 1998 :
1192 1966 1319 2008 Apollo
1335 1967 1425 1999 enim
1439 1966 1536 2008 pavit
1546 1966 1621 2008 ejus
1635 1975 1714 2007 gre-

1007 2027 1080 2059 ges,
1106 2016 1277 2049 Hercules
1301 2027 1382 2050 vero
1409 2019 1444 2049 in
1469 2017 1542 2059 ejus
1566 2017 1713 2058 gratiam

1006 2071 1184 2102 revocavit
1192 2070 1236 2102 ab
1244 2070 1372 2102 Inferis
1383 2070 1547 2103 Alcesten
1558 2080 1712 2103 uxorem.

1049 2123 1112 2152 333
1155 2120 1221 2153 Vix
1250 2122 1374 2153 steriles
1403 2121 1567 2163 compescit
1603 2120 1714 2162 equas]

1005 2171 1218 2204 Thessalicas
1233 2182 1340 2214 equas
1353 2171 1388 2203 in
1404 2172 1516 2213 pretio
1531 2170 1639 2203 fuisse
1654 2168 1714 2203 (lo-

1006 2228 1066 2254 cet
1094 2222 1222 2254 veteris
1257 2222 1387 2253 oraculi
1425 2231 1565 2254 versus:
1596 2220 1713 2253 Ἵππον

1005 2271 1218 2313 Θεσσαλικὴν,
1242 2270 1483 2312 Λακεδαιμονίαν
1506 2283 1543 2303 τε
1568 2272 1713 2312 ymas«.

1006 2323 1129 2364 Eqnam
1151 2323 1371 2363 Thessalicam,
1393 2325 1426 2354 et
1447 2322 1715 2354 Lacedaemniam

1005 2375 1176 2406 mulierem.
1215 2374 1262 2405 Et
1275 2372 1439 2415 frequens
1455 2377 1531 2405 erat
1547 2382 1712 2414 equarum

1005 2436 1085 2458 usus
1108 2425 1142 2457 in
1167 2424 1359 2465 curriculis,
1375 2428 1414 2456 ut
1437 2424 1548 2466 liquet
1573 2432 1617 2455 ex
1637 2422 1711 2455 Ho-

1004 2485 1101 2508 mero
1115 2476 1148 2506 in
1165 2474 1287 2507 funere
1303 2474 1472 2514 Patrocli,
1486 2478 1524 2506 et
1539 2472 1711 2506 Pausania

1005 2526 1039 2558 in
1070 2525 1209 2558 Eliaeis.
1255 2523 1378 2556 Refert
1402 2524 1508 2556 etiam
1538 2523 1710 2556 Pindarus

1005 2586 1109 2618 equas
1124 2576 1158 2607 in
1175 2575 1309 2617 Pythiis
1325 2574 1527 2607 cucurrisse.

1049 2630 1112 2659 337
1137 2627 1258 2659 Tantus
1271 2629 1400 2666 uterque
1415 2623 1512 2665 συῶν]
1545 2622 1614 2654 Hie
1629 2631 1706 2654 ver-

1006 2689 1062 2711 sus
1087 2678 1223 2720 duoque
1248 2670 1431 2719 sequentes
1455 2678 1535 2707 sunt
1557 2674 1710 2716 suspecti

1004 2729 1155 2771 Gnyeto,
1170 2731 1206 2760 et
1218 2727 1318 2760 obelo
1332 2729 1509 2758 notantur.
