1820 3068
240 192 356 235 1074
746 201 787 232 r.
821 201 1013 233 nemu
1048 200 1215 235 sra'ru

238 298 397 341 Gloria
416 297 581 339 mansit
599 309 732 351 equo,
745 296 887 339 cessit
906 296 1099 340 victoria
1117 297 1226 340 vati.

239 366 363 408 Huic
383 365 571 420 pretium
591 365 756 420 palmae
777 365 943 419 gemini
963 369 1138 407 cratera
1156 365 1353 409 ferebant

241 433 520 475 Herculeum
534 431 750 487 juvenes:
780 433 907 475 illum
932 432 1192 488 Tirynthius
1213 432 1321 475 olim

242 501 375 543 Ferre
396 513 531 542 manu
552 500 667 551 sola,
689 503 1061 556 spumantemque
1082 513 1158 543 ore
1180 501 1343 556 supino

241 567 442 619 Vertere,
464 581 544 610 seu
563 569 748 611 monstri
769 569 932 620 victor,
954 581 1036 611 seu
1058 568 1222 620 Marte,
1241 570 1434 613 solebat.

243 635 490 678 Centauros
509 636 643 677 habet
663 640 756 679 arte
776 643 942 686 truces,
963 648 1209 690 aurumque
1227 635 1382 690 figuris

244 702 490 745 Terribile:
520 702 595 745 hic
615 704 759 747 mixta
779 703 1070 759 Lapitharum
1086 703 1212 746 caede
1231 708 1433 746 rotantur

1630 618 1719 680 53⁵

243 822 333 853 oequa
347 811 412 843 eice
427 811 525 843 honor
539 822 615 854 equo
629 813 760 854 restitit,
774 813 907 845 victoria
920 813 1038 845 mansit
1051 813 1178 854 auguri.
1215 813 1303 846 Huic
1317 815 1377 847 duo
1390 813 1523 855 juvenes
1547 813 1717 854 portabant

245 854 398 886 Herculis
422 856 562 896 poculum
584 866 641 897 pro
668 856 809 888 victoria
833 857 984 888 mercede.
1029 857 1115 888 Olim
1138 857 1323 899 Tirynthius
1342 857 1401 888 hoc
1423 857 1537 889 solitus
1560 859 1631 889 erut
1653 867 1718 888 una

241 907 337 929 marm
357 901 493 938 portare,
514 908 553 930 ac
569 899 698 939 plenum
721 899 757 930 in
780 909 814 930 os
838 899 995 931 inversum
1009 898 1190 940 infundere,
1211 910 1268 932 seu
1291 903 1441 935 monstra,
1463 909 1520 931 seu
1534 899 1640 931 hostes
1662 901 1717 931 do-

246 940 386 972 muisset.
432 940 474 971 In
499 940 555 972 hoc
575 941 681 974 coelati
699 945 790 973 erant
809 941 894 973 torvi
912 941 1077 982 Centauri,
1097 945 1130 973 et
1143 951 1253 974 aarum
1266 942 1473 980 fomnidabile
1491 945 1562 974 erat
1575 941 1720 984 figuris.-

245 983 296 1015 hic
310 982 436 1022 confusa
452 983 664 1024 Lapitharum
677 987 786 1025 strage
799 985 965 1017 volvuntur
983 983 1116 1026 lapides,
1138 986 1245 1026 toedae,
1259 985 1326 1017 alia
1338 985 1435 1017 etiam
1448 985 1562 1027 pocula
1572 994 1586 1023 ,·
1606 984 1719 1026 ubique

1004 1078 1106 1091 00000

249 1137 396 1170 Amstel.
412 1136 566 1170 Gronov.
579 1137 701 1171 Barth.
713 1138 824 1170 Veen.
840 1142 877 1170 et
892 1139 1022 1179 Delph.
1033 1138 1141 1178 etjam
1155 1142 1350 1172 tunm—530
1371 1139 1382 1158 ⁴
1398 1140 1526 1173 Melior
1541 1140 1645 1172 lectio
1659 1149 1721 1181 op-

250 1180 327 1212 timi
343 1180 550 1220 exemplaris
565 1181 662 1221 cedit,
679 1191 779 1222 quam
796 1191 874 1223 quae
890 1182 924 1213 in
939 1182 1015 1213 aliis
1038 1188 1106 1221 est,
1121 1182 1238 1214 cessit!
1253 1183 1483 1215 Barth—534
1512 1183 1642 1215 Vertere
1668 1191 1722 1214 seu

248 1223 397 1254 monstris
412 1222 556 1255 Behott.
574 1226 606 1255 l.
629 1226 661 1255 2.
677 1225 769 1256 Dan.
795 1224 877 1256 Put.
893 1224 1016 1256 Petav.
1034 1224 1263 1266 Lindenbrog.
1282 1230 1319 1258 et
1337 1226 1440 1258 Cruc.
1457 1224 1627 1267 quomodo
1641 1233 1724 1257 con-

243 1266 400 1308 jectabat
430 1266 646 1299 Bernartius.
678 1267 802 1299 Vertere
829 1276 884 1298 seu
911 1271 1050 1299 monstro
1078 1267 1167 1299 citat
1199 1267 1483 1308 Lindenbrogiua.
1511 1268 1642 1300 Vertere
1668 1277 1725 1299 ceu

249 1309 383 1340 monstri
408 1309 514 1348 Lang.
543 1310 644 1341 Laur.
669 1309 803 1341 Buslid.
828 1309 983 1349 Lipsian.
1011 1310 1158 1342 Venett.
1184 1310 1289 1343 Aldd.
1318 1311 1430 1343 Colin.
1456 1310 1592 1352 Gryph.
1615 1309 1723 1342 Basil.

251 1352 370 1384 Plant.
386 1350 533 1383 Amstel.
555 1351 710 1384 Gronov.
725 1352 846 1384 Barth.
860 1352 972 1384 Veeu.
989 1358 1025 1384 et
1047 1353 1284 1393 Delma—536
1308 1354 1400 1386 Dan.
1416 1353 1499 1385 Pur.
1517 1353 1641 1384 Petu.
1655 1352 1724 1384 Be·

225 1403 230 1410 ’
251 1394 340 1426 hott.
358 1396 388 1426 1.
415 1396 447 1426 2.
466 1394 574 1435 Lang.
598 1395 703 1426 Laur-
734 1395 887 1435 Lipsiau.
907 1395 1051 1427 Venett.
1077 1395 1175 1427 Rom.
1197 1395 1303 1428 Aldd.
1330 1396 1443 1428 Colin.
1471 1395 1603 1437 Grypb.
1619 1395 1725 1431 Basil.

210 1470 218 1475 ,
250 1437 369 1471 Plant.
389 1436 619 1478 Lindenbrog.
633 1438 738 1470 eruc.
756 1442 791 1469 et
806 1437 953 1470 Gevart.
968 1439 1054 1470 coede
1069 1441 1222 1470 notantur
1232 1449 1245 1477 ,·
1268 1439 1403 1471 Buslid.
1426 1439 1576 1480 optimus
1598 1437 1721 1470 Barth.

920 1521 1064 1556 NOTAE

296 1588 362 1619 53⁰
387 1586 501 1619 Gloria
515 1587 631 1619 mansit
646 1597 734 1629 equo,
755 1587 847 1620 cessit
863 1587 964 1619 victo-

254 1637 306 1669 ria
318 1636 403 1677 vati]
434 1637 545 1679 Equo,
561 1638 641 1679 quia
658 1637 753 1679 prius
770 1643 897 1670 metam
914 1640 965 1668 at-

254 1687 347 1729 tigit,
371 1686 455 1718 Vati
480 1696 577 1727 vero,
601 1687 681 1729 quia
696 1697 843 1720 excusso
858 1687 964 1728 Poly·

255 1738 335 1769 nice
351 1736 481 1779 primus
508 1737 635 1778 palmae
660 1736 964 1780 appropinquavit.

190 1795 192 1798 ’
253 1787 325 1819 Sed
341 1791 378 1819 et
392 1787 579 1829 Polynices
596 1787 701 1819 etiarn
714 1788 827 1820 victor
839 1795 963 1818 renun-

255 1837 336 1870 tiari
363 1837 526 1875 debebat,
552 1838 632 1880 quia
651 1838 726 1880 ejus
751 1847 860 1880 equus
874 1837 964 1870 vice·

257 1894 325 1930 rat,
340 1893 380 1921 ut
395 1889 440 1921 de
463 1889 614 1921 Phidola
641 1889 822 1922 Corinthio
845 1892 965 1921 narrat

256 1940 449 1972 Pausanias
471 1949 512 1972 ιι.
537 1940 755 1972 Eliacorum:
782 1944 792 1958 ⁴
808 1939 964 1972 Phidolae

258 1990 453 2032 Corinthii,'
474 1991 536 2031 ait,
573 1991 583 2009 ⁴
604 2000 694 2033 equa
722 1989 967 2032 praetereunda

258 2050 327 2073 non
343 2045 410 2081 est,
423 2041 479 2072 cui
492 2040 596 2072 Aurae
609 2049 733 2073 nomen
746 2044 834 2073 erat.
878 2039 967 2071 Haec

259 2092 303 2125 ab
331 2092 416 2133 ipsis
453 2091 648 2123 carceribus
676 2100 820 2123 excusso
851 2090 967 2123 statim

258 2152 407 2182 sessore,
429 2146 466 2173 et
493 2151 628 2173 cursum
661 2141 844 2183 pristinum
869 2150 968 2183 aeque

261 2203 303 2224 ac
324 2193 353 2224 si
373 2197 542 2224 rectorem
558 2192 733 2225 habuisset
746 2192 913 2232 servavit,
930 2195 968 2224 et

261 2243 356 2274 circa
371 2246 496 2274 metam
514 2252 550 2274 se
566 2242 762 2282 convertit3
778 2241 898 2273 audito
910 2250 968 2273 ve·

261 2303 300 2325 ro
316 2293 411 2325 tubae
428 2293 543 2333 sonitu
565 2292 609 2324 ad
633 2301 769 2324 cursum
791 2291 969 2324 concitata

263 2347 319 2375 est
348 2343 604 2375 vehementius:
630 2352 776 2384 cumque
800 2341 843 2374 ad
871 2341 968 2374 ludo-

261 2404 338 2426 rum
351 2392 534 2436 praefectos
546 2391 808 2432 antevertisset,
813 2391 887 2433 jam
900 2391 970 2423 vic-

263 2444 362 2476 toriae
379 2453 416 2476 se
441 2443 537 2486 quasi
559 2447 751 2482 compotem
773 2441 969 2482 intelligens

266 2493 436 2526 constitit.
482 2493 559 2525 Elei
587 2491 737 2524 Phidola
760 2491 890 2524 victore
917 2500 970 2523 re-

264 2544 436 2585 nuntiato,
462 2543 508 2584 ei,
533 2548 573 2575 ut
587 2549 624 2575 et
639 2551 736 2584 equae
751 2541 972 2574 simulacrum

269 2594 460 2635 dedicaret,
471 2592 740 2626 concesserunt.’

310 2646 375 2677 532
399 2642 608 2684 Herculeum]
624 2643 667 2675 Id
685 2646 751 2680 est,
767 2642 823 2685 qui
840 2642 974 2675 Hercu-

268 2695 310 2726 lis
336 2695 415 2726 olim
439 2693 568 2727 fuerat.
615 2692 817 2735 Tirynthius]
843 2692 976 2726 Hercu-

268 2746 330 2779 les.
374 2745 464 2777 Vide
481 2755 597 2787 supra.

1062 1589 1127 1619 534
1149 1586 1214 1619 Seu
1227 1586 1353 1628 Marte]
1386 1585 1429 1619 Id
1445 1590 1509 1624 est,
1519 1587 1614 1629 justo
1629 1595 1726 1618 exer·

1018 1637 1103 1670 citu.
1148 1637 1265 1669 Multa
1289 1638 1379 1669 enim
1406 1637 1514 1679 gessit
1533 1646 1610 1668 cum
1627 1646 1725 1670 exer-

1018 1686 1092 1719 citu
1117 1686 1303 1727 Hercules,
1338 1691 1378 1718 ut
1414 1696 1490 1718 cum
1521 1686 1660 1727 Trojam
1689 1691 1727 1719 et

1019 1736 1214 1769 OEchaliam
1227 1736 1453 1778 expugnavit,
1466 1745 1530 1768 nec
1541 1745 1608 1768 non
1621 1735 1726 1769 etiam

1017 1787 1053 1819 in
1087 1786 1219 1827 Africa,
1255 1791 1294 1819 ut
1327 1791 1479 1819 testatur
1513 1786 1726 1819 Sallustius:

1018 1836 1029 1855 ‘
1042 1836 1259 1879 Postquam‚’
1288 1836 1350 1877 ait,
1371 1837 1431 1869 ‘in
1453 1835 1575 1869 Africa
1592 1837 1728 1870 Hercu-

1019 1889 1070 1920 les
1095 1888 1242 1929 interiit,
1270 1888 1360 1921 sieut
1387 1893 1525 1930 putant,
1552 1888 1727 1921 exercitus

1020 1938 1096 1981 ejus
1113 1938 1218 1970 variis
1234 1938 1396 1979 gentibus
1415 1938 1606 1979 permixtus
1618 1938 1696 1970 est.'

1063 1992 1127 2021 535
1163 1990 1339 2021 Centauros
1374 1988 1468 2020 habet
1502 1991 1573 2020 arte
1608 1987 1727 2029 truces]

1020 2038 1168 2080 Supple‚
1204 2036 1353 2078 effictos,
1394 2037 1547 2070 caelatos.
1599 2036 1730 2077 moes]
1789 2075 1799 2086 ᾗ

1019 2089 1198 2121 Fcrociam
1228 2087 1476 2120 Centaurorum
1509 2090 1731 2129 expresserat

1021 2150 1076 2172 ars
1096 2138 1281 2174 caelatoris.
1323 2138 1506 2179 Aurumque
1517 2136 1642 2180 figuris
1655 2137 1731 2168 Ter-

1021 2188 1129 2230 riln'te]
1165 2187 1209 2220 Id
1235 2194 1302 2229 est,
1319 2185 1451 2220 ferocia
1466 2187 1731 2227 Centaurorum,

1021 2238 1186 2281 furorque
1213 2247 1282 2280 quo
1310 2237 1346 2269 in
1371 2247 1488 2279 pugna
1516 2235 1730 2273 ferebantur,

1023 2293 1122 2322 tanta
1146 2292 1223 2320 arte
1249 2296 1434 2329 expressus
1450 2291 1537 2327 erat,
1560 2291 1600 2319 ut
1625 2286 1730 2319 etiam

1025 2342 1182 2372 terreret.
1219 2336 1350 2369 Eodem
1370 2336 1510 2368 dicendi
1519 2336 1627 2368 'modo
1641 2336 1731 2369 Noa-

1024 2395 1079 2423 ter
1088 2389 1200 2422 Theb.
1211 2398 1270 2422 111.
1283 2390 1294 2407 ⁶
1304 2387 1483 2432 Armaque
1497 2389 1532 2421 in
1546 2398 1632 2421 auro
1639 2387 1730 2420 'stis-

1023 2439 1099 2473 tia.'

1067 2493 1133 2523 536
1155 2489 1239 2531 Hic]
1262 2489 1304 2521 In
1319 2492 1465 2521 cratere.
1510 2488 1624 2521 Miz-ta
1633 2487 1731 2529 Laps-

1027 2542 1155 2574 charum
1182 2538 1283 2581 coede]
1321 2540 1415 2572 Nota
1437 2548 1552 2582 pugna
1569 2537 1731 2580 Lapitha-

1029 2601 1103 2624 rum
1119 2600 1196 2623 cum
1213 2589 1396 2623 Centauris
1419 2589 1454 2621 in
1482 2587 1614 2630 nuptiis
1641 2587 1731 2619 Piri-

1029 2640 1114 2673 thoi.
1158 2638 1335 2680 Rotantur]
1357 2631 1504 2672 Quidam
1519 2635 1658 2669 codices
1678 2646 1733 2668 no-
1791 2645 1796 2648 ·

1029 2693 1152 2723 tantur.
1196 2690 1312 2731 Ipsam
1338 2687 1427 2723 anim
1452 2686 1659 2730 rotationem
1673 2695 1733 2719 ex·

1030 2749 1186 2784 pressam
1227 2739 1324 2772 dicit.
1378 2737 1540 2771 Imitatur
1573 2737 1733 2771 Sidonius
