1820 3068
200 278 287 322 828
702 290 743 319 P.
777 271 980 321 PAPmn'
1002 289 1170 322 STA'rn

201 385 325 428 Vera
344 385 528 428 docent:
560 386 642 428 tibi
662 399 850 439 summa,
870 393 996 430 sator
1015 391 1234 443 terraeque
1259 387 1511 443 Deumque,

201 454 327 496 Scire
347 454 477 497 licet:
507 467 590 496 nos
611 455 834 509 Argolicae
855 456 1097 511 primordia
1114 468 1293 511 pugnae,

198 521 539 577 Venturumque
558 524 680 566 sinas
700 525 819 567 coelo
839 537 1073 579 praenosse
1091 526 1305 567 laborem.

199 590 251 631 Si
272 589 415 642 datur,
438 595 483 633 et
503 591 628 633 duris
648 592 773 634 sedet
790 592 891 636 haec
912 594 1132 637 sententia
1151 593 1311 637 Parcis

199 656 384 699 Solvere
403 659 650 702 Echionias
672 661 864 703 Lernaea
885 661 1071 716 cuspide
1092 666 1263 716 portas,

197 724 336 779 Signa
354 725 485 779 seras,
504 727 743 784 laevusque
762 733 915 772 tones:
946 732 1054 772 tunc
1076 731 1222 772 omnis
1242 730 1290 772 in
1311 729 1441 773 astris

198 793 424 837 Consonet
444 808 607 839 arcana
626 798 822 840 volucris
841 799 964 841 bona
983 812 1204 841 murmura
1223 799 1390 852 Ilugua.

197 860 247 902 Si
268 862 495 916 prohibeS,
515 863 589 906 hic
607 868 732 907 necte
747 879 919 908 moras:
952 865 1210 922 dextrisque
1231 865 1497 922 profundum
1583 865 1670 909 495

198 929 399 973 Alitibus
421 937 626 987 praetexe
648 934 788 988 diem„
823 934 899 977 Sic
919 934 1061 987 fatus,
1079 939 1129 977 et
1150 934 1242 977 alto

194 1062 279 1089 men,
299 1056 331 1084 et
345 1062 419 1102 roro
434 1054 530 1087 terris
543 1053 687 1088 insistere
701 1056 868 1089 veritatem
889 1060 1078 1090 monstrant.
1125 1057 1212 1098 Tibi,
1233 1061 1328 1100 pater
1351 1058 1492 1091 Demu-
1514 1063 1548 1092 σὲ
1570 1059 1669 1092 homi-

194 1105 285 1145 aunt,
295 1096 443 1129 eubltmia
455 1107 637 1137 cognoscere
650 1100 760 1131 datum
773 1103 833 1133 est.
856 1101 1033 1133 Per-mittas
1045 1110 1103 1133 noo
1116 1110 1133 1133 e
1144 1102 1218 1132 coelo
1229 1102 1380 1142 prescire
1393 1102 1488 1134 initia
1502 1105 1535 1134 et
1548 1103 1670 1136 exitam

195 1138 412 1188 belh-Argivi.
458 1141 496 1172 Si
517 1141 573 1173 Ιιοσ
595 1144 793 1181 concedatur,
817 1146 848 1174 et
873 1144 929 1175 hoc
953 1144 1119 1175 consilium
1140 1145 1263 1185 placeat
1285 1144 1516 1186 inflexibilibus
1540 1146 1669 1185 Parcis,

192 1191 317 1221 aper-tre
330 1182 454 1223 Argivo
468 1194 613 1216 mucrone
631 1189 739 1225 porcas
762 1186 936 1226 Thebanus,
957 1187 1051 1227 cigna
1064 1187 1189 1227 minae,
1210 1191 1243 1219 et
1256 1188 1298 1218 ad
1312 1188 1422 1219 levum
1435 1191 1535 1221 iones.
1581 1189 1668 1221 Tunc

192 1228 304 1274 canpto
324 1226 395 1257 avis
419 1227 554 1267 mystica
578 1228 688 1267 lingua
712 1229 854 1260 concinat
877 1230 911 1261 in
934 1230 1008 1262 ae're
1019 1230 1149 1269 faustos
1168 1231 1323 1269 garritus.
1367 1230 1404 1262 Si
1424 1234 1525 1271 vetas,
1546 1231 1598 1264 hic
1611 1241 1668 1263 nos

191 1271 306 1311 retme,
327 1272 360 1301 et
384 1268 569 1303 immensam
590 1271 696 1304 aerem
720 1272 852 1304 obscura
873 1273 997 1305 dextris
1019 1273 1142 1306 avibus.
1186 1273 1243 1306 Sic
1256 1274 1378 1306 locutus
1390 1277 1447 1316 eat,
1467 1278 1499 1306 et
1513 1274 1669 1317 componit

812 1367 1028 1381 ‘mm
1033 1368 1052 1380 O

191 1433 255 1463 492
279 1431 408 1464 Solvere
423 1432 465 1463 Ε.
488 1431 530 1464 L.
545 1443 573 1465 c.
594 1432 714 1465 Thebas
728 1433 761 1465 in
777 1433 898 1466 eodem
914 1434 1046 1467 codice.
1091 1439 1102 1453 ⁴
1118 1433 1174 1467 Ita
1187 1444 1270 1467 sane
1285 1435 1466 1477 scripsisse
1483 1435 1667 1476 Papininm

190 1474 391 1508 credimus!
414 1475 646 1509 Rom—494
677 1477 759 1510 Put.
787 1478 1070 1511 volucrum—496
1092 1480 1102 1498 ‘
1118 1478 1239 1511 Scribe
1266 1488 1345 1511 cum
1370 1478 1460 1512 libro
1483 1479 1665 1521 principe:

842 1552 987 1586 NOTAE

206 1651 208 1653 ,
232 1619 298 1650 492
323 1615 508 1659 Echionias]
522 1617 716 1651 Thebanas-
751 1617 902 1661 Lmaea]
954 1619 1073 1652 oscines
1108 1619 1323 1653 vocabantur
1370 1622 1512 1652 anctore
1547 1619 1666 1652 Festo.

189 1668 367 1710 Argolica.
956 1669 1149 1712 Augurium
1180 1671 1271 1704 euim
1305 1669 1435 1704 dictum
1465 1668 1508 1702 ab
1549 1664 1669 1702 avium

231 1723 296 1754 493
320 1720 495 1762 Laevusque
509 1720 613 1763 tonas]
636 1720 679 1753 Id
694 1725 762 1763 est,
777 1721 821 1754 ad
840 1722 907 1760 laes
955 1723 1102 1764 garritu.

188 1781 278 1804 vam.
314 1770 416 1805 Quod
434 1781 638 1814 prosperum
651 1777 727 1804 erat
742 1773 898 1814 signum:
998 1775 1063 1805 495
1086 1773 1284 1816 Dea-trisque
1308 1772 1501 1815 profundum
1523 1771 1666 1805 Alition

189 1822 357 1857 Romanis
383 1823 474 1855 enim
507 1822 651 1856 fulmina
678 1824 900 1867 tonitruaque
950 1827 1095 1866 pra-texe
1115 1824 1214 1866 diem]
1236 1824 1388 1857 Videtur
1414 1823 1470 1856 hic
1495 1822 1666 1866 Papinius

188 1871 210 1908 a
224 1875 315 1907 laeva
338 1874 520 1907 venientia
534 1874 570 1906 in
585 1874 712 1908 bonum
726 1885 827 1908 omen
843 1886 900 1908 ac-
956 1874 1102 1907 innuere
1114 1875 1205 1908 velle
1225 1874 1325 1916 signa
1344 1884 1366 1907 a
1383 1874 1509 1907 dextra
1523 1874 1665 1907 venien—

186 1925 417 1968 cipiebantur.
454 1925 511 1958 Sic
526 1925 692 1968 Virgilius
707 1927 842 1960 AEneid.
859 1936 900 1960 11.
955 1924 1004 1956 tia
1026 1924 1103 1957 dira
1127 1934 1168 1957 ac
1190 1923 1342 1957 infausta
1366 1933 1456 1958 esse.
1501 1918 1580 1957 Hoc
1612 1928 1665 1957 ta·

187 1978 334 2019 loquens
351 1976 396 2008 de
410 1980 550 2009 ostento
568 1987 750 2019 prospero,
772 1978 864 2020 quod
880 1987 902 2010 a
955 1984 1034 2007 men
1061 1975 1273 2017 generaliter
1295 1984 1415 2008 verum
1440 1983 1510 2007 non
1532 1978 1600 2017 eat,
1622 1978 1665 2008 ut

144 2108 148 2110 ,
188 2079 265 2111 nuit
279 2078 430 2111 laevum.’

185 2028 276 2061 Jove
292 2027 410 2060 datum
433 2032 488 2060 est
503 2027 659 2066 Anchisi‚
680 2028 751 2061 ait:
774 2029 785 2047 ‘
801 2028 899 2061 Into-

476 2078 602 2112 Cicero
621 2079 726 2112 etiam
741 2079 786 2112 de
801 2079 900 2111 Divi-

186 2130 328 2162 natione
344 2129 406 2161 lib.
422 2138 465 2163 ιι.
488 2130 578 2162 citat
595 2129 638 2162 ad
654 2131 719 2162 hoc
742 2130 900 2172 proposi-

186 2184 260 2212 tum
284 2180 376 2212 huuc
404 2180 509 2212 Ennii
533 2190 692 2212 versum:
715 2181 725 2199 ⁴
744 2180 831 2213 Cum
847 2184 898 2212 to-

187 2231 264 2262 nuit
279 2231 403 2262 laevum
420 2230 510 2263 bene
528 2235 735 2273 tempestate
750 2229 899 2263 serena.'

187 2281 290 2314 Quod
301 2285 338 2313 et
351 2281 484 2313 Plinius
497 2280 680 2314 confirmat
692 2281 751 2313 lib.
762 2290 805 2313 11.
821 2290 900 2323 cap.

186 2335 241 2365 54.
275 2332 285 2349 ‘
309 2332 416 2364 Laeva
443 2341 611 2374 prospera
638 2332 898 2372 existimantur,

186 2382 349 2425 quoniam
363 2383 453 2415 laeva
466 2387 568 2424 parte
579 2382 697 2414 mundi
709 2387 807 2415 ortus
818 2381 898 2415 est?

186 2434 234 2466 Et
249 2433 327 2471 hoc,
341 2433 422 2475 quia
436 2442 585 2474 augurer·
598 2433 744 2474 auguria
757 2432 899 2474 capien-

186 2489 242 2516 tes
271 2485 387 2517 vultus
419 2484 463 2517 ad
491 2484 677 2516 Meridiem
715 2488 899 2516 converte·

186 2536 286 2576 bant,
309 2535 426 2578 sicque
454 2535 499 2567 ad
526 2534 698 2568 sinistram
724 2534 900 2567 habebant

187 2585 380 2618 Orientem.
425 2585 513 2618 Tunc
528 2586 630 2618 omnis
647 2586 682 2618 in
704 2585 801 2617 astris
815 2585 900 2617 Con·

186 2641 274 2669 sonet
289 2647 408 2669 arcana
419 2636 556 2669 volam-is
570 2637 649 2668 bona
663 2646 823 2668 murmura
838 2636 900 2667 lin·

184 2688 264 2729 gua]
287 2688 329 2721 In
344 2687 524 2729 capiendis
539 2687 693 2729 auguriis
707 2697 775 2720 uon
788 2687 899 2719 solum

184 2738 435 2772 observabatur
445 2738 560 2771 avium
567 2739 712 2779 volatus,
719 2737 781 2771 sed
792 2738 900 2770 etiam

187 2790 338 2832 garritus
355 2798 417 2822 seu
440 2788 660 2831 κληδονισμδς,
680 2794 717 2821 ct
741 2790 794 2822 hae
815 2798 897 2821 aves

186 2850 262 2884 quae
287 2850 351 2874 ore
369 2845 534 2875 canentes
551 2841 695 2884 auguria
708 2839 898 2882 faciebant,

955 2029 1055 2067 patet
1070 2036 1114 2058 ex
1130 2026 1297 2060 Cicerone
1310 2026 1354 2058 de
1365 2026 1590 2059 Divinatione
1604 2025 1666 2059 lib.

954 2086 996 2110 11.
1012 2077 1071 2110 ubi
1087 2078 1181 2110 clare
1196 2077 1284 2111 dicit
1295 2087 1306 2109 t
1328 2078 1340 2096 ‘
1355 2077 1427 2110 Cur
1452 2076 1531 2109 aliis
1544 2085 1566 2109 a
1580 2075 1665 2109 ‹lex-

955 2132 1022 2169 tra‚
1046 2127 1122 2160 aliis
1138 2127 1226 2161 laeva
1241 2128 1359 2161 datum
1383 2131 1440 2160 eet
1465 2127 1601 2170 avibus,
1624 2131 1666 2162 ut

954 2183 1068 2210 ratum
1083 2178 1276 2222 auspicium
1290 2177 1408 2211 facere
1426 2177 1581 2220 possint?
1616 2178 1666 2210 Et

953 2228 1012 2261 lib.
1026 2237 1054 2262 1.
1079 2229 1090 2247 ‘
1106 2229 1179 2262 Cur
1192 2239 1214 2261 a
1228 2228 1353 2262 dextra
1367 2238 1504 2270 corvus,
1529 2238 1550 2262 a
1563 2228 1665 2261 ainis-

953 2285 1008 2313 tra
1022 2281 1144 2313 cornix
1168 2286 1280 2312 ratum
1302 2279 1436 2312 faciatx
1478 2280 1568 2314 Quae
1585 2278 1663 2322 ulti-

952 2341 1009 2364 ma
1033 2331 1210 2364 Ciceronis
1238 2330 1344 2363 verba
1357 2328 1603 2364 confirmantur
1617 2329 1662 2363 ab

952 2382 1017 2414 hoc
1042 2382 1120 2414 loco
1137 2381 1256 2414 Plauti
1270 2380 1452 2413 Asinaria:
1475 2381 1486 2398 ‘
1502 2379 1609 2424 Picus
1623 2385 1663 2413 et

952 2433 1072 2465 cornix
1086 2437 1142 2464 est
1157 2432 1309 2465 ahlaeva
1320 2442 1331 2472 ;
1344 2440 1490 2472 corvum
1511 2440 1614 2474 parra
1637 2440 1660 2464 a

953 2483 1078 2516 dextra
1109 2482 1356 2516 Consuadentl
1398 2482 1447 2515 Et
1460 2481 1554 2526 apud
1578 2482 1665 2514 Sne·

954 2535 1084 2568 tunium
1109 2535 1254 2577 legimus
1280 2534 1316 2567 in
1341 2533 1486 2566 vitellio
1508 2532 1665 2575 volatum

951 2585 1090 2628 Aquilae
1115 2595 1137 2617 a
1155 2585 1280 2617 dextra
1300 2583 1403 2616 fuisse
1417 2582 1500 2616 boni
1513 2581 1636 2615 ominis
1647 2592 1659 2615 z

952 2637 962 2655 ‘
980 2636 1194 2677 Praemisso,’
1209 2636 1271 2677 ait,
1284 2636 1295 2654 ‘
1311 2635 1439 2678 agmini
1453 2635 1570 2667 letum
1583 2643 1663 2666 eve-

953 2688 1006 2720 nit
1020 2687 1222 2730 auspicium,
1234 2687 1262 2718 si
1277 2685 1415 2729 quidem
1430 2695 1451 2717 a
1466 2689 1567 2726 parte
1579 2684 1664 2718 dex-

953 2743 1009 2772 tra
1027 2742 1173 2781 repente
1189 2738 1304 2781 aquila
1318 2734 1516 2769 advolavit!

994 2792 1060 2822 496
1082 2790 1131 2821 Ee
1154 2790 1221 2820 alto
1244 2786 1392 2820 Membro
1415 2787 1499 2819 locat
1521 2783 1661 2828 wop-h]

951 2839 992 2873 ld
1009 2845 1075 2882 est,
1097 2838 1208 2872 sedet.
1251 2838 1411 2882 Augures
1426 2837 1518 2870 enim
1534 2836 1659 2880 aedenq
