1820 3068
231 240 319 283 750
744 251 785 281 1³.
818 250 1009 282 PAP1N11
1041 250 1208 282 s'rA'ru

235 346 512 401 Conjugibus
532 346 743 401 natisque
764 345 947 399 infanda
967 346 1024 389 ad
1044 347 1200 402 praelia
1218 350 1389 403 raptos,

234 415 430 470 Projicis
452 415 648 465 excidio,
664 415 778 456 bone
795 427 890 456 rex.
945 413 985 455 Ο
1009 419 1178 469 quanta
1198 416 1425 459 Cithaeron

236 483 425 533 Funera,
448 482 795 536 sanguineisque
813 478 1174 534 vadis,'1smene,
1190 486 1384 528 rotabis!

235 551 354 593 Haec
374 551 537 606 pietas,
558 550 656 593 haec
678 563 835 605 magna
852 550 962 592 fides
979 551 988 592 !
1033 551 1133 593 Nee
1155 553 1340 594 crimina
1359 553 1504 607 gentis

235 619 356 662 Mira
376 620 583 674 equidem
603 619 744 661 duco:
775 619 841 660 sic
861 618 1028 696 Primus
1049 619 1274 673 sanguinis
1294 624 1466 672 auctor,

234 689 493 743 Incestique
512 693 684 744 patrum
705 687 914 739 thalam13
945 687 1024 729 sed
1044 687 1163 729 fallit
1179 689 1331 743 origo:

235 757 489 811 OEdipodes
507 761 556 799 tu
576 756 701 798 solus
720 755 830 797 eris:
860 754 960 797 haee
979 756 1163 809 praemia
1181 769 1354 798 morum

205 872 211 876 ,
233 825 304 867 Ac
327 826 523 876 sceleriS,
543 825 746 875 violente,
767 824 897 865 feres.
948 823 1050 866 Nos
1072 825 1304 879 poscimus
1325 839 1504 868 annum.

234 894 327 936 Sed
347 907 510 937 moror.
570 893 690 936 Haec
712 892 862 934 audax
887 893 1128 935 etiamnum
1146 893 1195 935 in
1213 894 1364 936 limine
1382 900 1501 937 retro

233 961 517 1014 Vociferans,
531 961 626 1017 jam
646 966 750 1004 tunc
770 961 965 1015 impulsa
985 973 1064 1016 per
1083 961 1262 1016 agmina
1281 975 1499 1019 praeeeps,

1610 415 1697 457 460

1609 756 1697 799 465

231 1105 300 1135 rex,
324 1094 426 1127 trahis
445 1095 479 1127 in
503 1095 671 1137 perniciem
694 1099 842 1137 tanquam
869 1095 946 1127 cilia
966 1096 1134 1138 mancipia,
1157 1100 1190 1128 et
1203 1097 1310 1129 avellis
1325 1107 1345 1129 a
1358 1096 1467 1130 liberis
1487 1100 1519 1129 et
1539 1098 1699 1141 uxoribus,

230 1143 265 1171 ut
281 1149 331 1171 eos
342 1140 436 1170 ducas
450 1140 491 1170 ad
506 1139 602 1179 impia
620 1139 802 1171 certamina.
850 1139 879 1169 0
907 1138 1079 1178 Cithaeron,
1104 1143 1179 1180 quot
1193 1140 1312 1171 videbis
1325 1141 1434 1181 caedes,
1457 1144 1488 1172 et
1503 1145 1549 1182 tu,
1563 1142 1698 1182 Ismene,

230 1185 304 1223 quot
319 1183 423 1214 volves
435 1182 587 1213 cadavera
600 1182 636 1213 in
650 1182 787 1213 cruentis
799 1181 995 1213 vorticibus!
1029 1182 1095 1213 Hic
1120 1192 1209 1214 amor·
1229 1192 1308 1222 erga
1328 1183 1478 1225 patriam,
1500 1184 1566 1215 haec
1587 1185 1699 1225 ingens

219 1226 307 1267 fides
317 1223 333 1256 Ι
358 1226 426 1256 Nec
439 1234 515 1256 sane
528 1225 672 1256 miranda
687 1225 834 1256 existimo
848 1225 964 1256 seelera
977 1224 1070 1264 ludus
1087 1224 1239 1265 familioe,
1261 1226 1289 1257 si
1310 1226 1431 1267 primus
1451 1230 1560 1258 auctor
1571 1228 1699 1268 ἕρποι-ὼ

230 1269 377 1299 scelestus
394 1267 477 1307 suit,
500 1270 531 1298 et
555 1268 668 1299 incesti
692 1271 858 1307 parentum
882 1268 966 1298 lori.-
988 1269 1043 1299 sed
1066 1278 1170 1300 omnes
1183 1269 1254 1311 filii
1279 1279 1339 1301 non
1352 1273 1425 1301 suut
1437 1270 1620 1311 parentibus
1633 1271 1699 1302 suis

229 1311 368 1348 similes;
392 1315 427 1342 tu
450 1311 534 1342 solus
549 1311 642 1352 filius
667 1311 780 1351 OEdipi
801 1311 873 1343 eris.
919 1311 1026 1351 Hanc,
1040 1311 1178 1351 furiose,
1200 1312 1372 1353 reportabis
1386 1314 1556 1345 mercedem
1578 1322 1699 1345 morum

230 1358 355 1386 tuorum
376 1364 414 1385 ac
425 1353 566 1395 flagitii.
612 1354 681 1385 Nos
695 1364 811 1385 annum
833 1354 978 1395 petimus.
1022 1353 1086 1385 Sed
1100 1364 1214 1387 moror.
1260 1355 1345 1387 Haec
1362 1355 1488 1397 Tydeus
1500 1366 1569 1388 cum
1583 1366 1699 1396 magna

230 1398 374 1440 malacia,
390 1401 423 1430 et
435 1397 535 1429 adhuc
549 1396 715 1435 infor-ibus
731 1401 816 1429 retro
831 1398 978 1433 clamans,
989 1397 1060 1436 J‘am
1074 1400 1149 1429 tunc
1162 1397 1292 1440 rapidus
1305 1398 1440 1430 elabitur
1451 1408 1508 1442 per
1521 1398 1699 1431 multitudi-

843 1493 944 1506 ΟΜ

230 1583 309 1605 men
327 1572 501 1614 optimus!
522 1573 749 1605 Barth—460
771 1573 911 1613 Projicis
926 1574 1049 1606 excidio
1065 1576 1141 1607 bone
1155 1584 1172 1605 ο
1189 1573 1263 1605 Rex
1278 1572 1426 1615 optimus
1441 1572 1592 1613 Barthii3
1608 1572 1700 1605 unde

230 1617 312 1649 ine:
337 1617 458 1649 boneio
473 1617 667 1648 Rem—463
691 1617 781 1648 Mira
795 1618 919 1658 quidem
934 1617 970 1648 in
996 1617 1117 1648 iisdem
1132 1616 1362 1656 membranis;
1385 1616 1477 1648 Mira
1497 1616 1619 1657 quidem
1641 1617 1700 1648 du·

230 1671 264 1691 co
275 1671 288 1698 ,-
310 1660 339 1691 si
352 1662 473 1701 primus
487 1660 627 1692 Behott.
648 1660 694 1691 sic
706 1661 804 1700 primi
819 1661 921 1692 Laur.
942 1660 1049 1700 Lang.
1076 1660 1206 1692 Buslid.
1231 1659 1336 1692 Aldd.
1351 1659 1463 1691 Colin.
1480 1658 1615 1701 Gryph.
1630 1657 1700 1691 Ba-

230 1705 283 1734 sil.
299 1707 336 1734 et
353 1703 468 1735 plant.
491 1702 538 1734 sic
550 1703 670 1744 primus
689 1703 841 1744 Lipsian.
869 1704 950 1735 Put.
978 1704 1070 1735 Dan.
1096 1703 1220 1735 Petav.
1242 1701 1382 1734 Taurin.
1398 1702 1558 1734 Petrens.
1580 1702 1701 1734 Burm-

230 1747 388 1779 Grasser.
404 1746 550 1779 Gevart.
568 1746 799 1787 Lindenbrog.
817 1747 918 1778 Cruc.
935 1746 1082 1778 Amstel.
1099 1746 1253 1778 Gronov.
1266 1745 1508 1778 Barth.Veen.
1523 1748 1560 1777 et
1573 1744 1702 1785 Delph.

230 1790 390 1823 Jortinus
418 1789 663 1830 conjectabat:
686 1790 731 1820 sic
745 1790 832 1821 dirus
847 1789 1002 1829 sanguine
1015 1792 1137 1829 auctor,
1149 1788 1368 1830 improbante
1380 1789 1701 1821 Burmanno.—464

231 1833 362 1864 Omnes
378 1832 479 1865 codd.
498 1832 619 1864 Barth.
633 1832 725 1864 Dan.
739 1833 866 1864 Petav.
879 1833 961 1864 Put.
975 1838 1012 1864 et
1030 1832 1123 1872 Lips.
1147 1832 1321 1871 necfallit,-
1337 1831 1461 1864 Behot.
1472 1834 1504 1863 1.
1524 1834 1572 1864 set
1585 1829 1676 1869 fallit
1686 1841 1702 1868 ‚-

229 1876 355 1908 Behot.
367 1878 398 1907 2.
422 1875 583 1907 Petrens.
597 1874 739 1907 Tam-in.
755 1875 864 1916 Lang.
891 1876 995 1907 Laur.
1022 1874 1158 1906 Buslid.
1179 1874 1284 1907 Aldd.
1309 1874 1420 1907 Colin.
1435 1874 1572 1916 Gryph.
1588 1874 1698 1907 Banu.

230 1919 346 1950 Plant.
360 1921 426 1950 &c.
448 1918 718 1958 sedfallit.—-465
738 1918 907 1959 OEdipodis
921 1922 957 1949 tu
967 1918 1051 1949 solus
1062 1918 1124 1949 eris
1138 1918 1160 1951 J
1164 1918 1317 1958 ortinus;
1338 1927 1410 1949 eras
1424 1917 1568 1949 Behott.
1583 1918 1701 1949 1.,2.—-

228 1964 294 1994 466
310 1961 407 1993 Idem
422 1961 598 1994 Jortinus:
622 1971 682 1993 uon
694 1962 850 2002 poscimus
860 1972 873 1999 ‚·
894 1961 985 2003 quod
1003 1970 1070 1992 non
1084 1960 1280 2001 spernenda
1296 1959 1433 1992 videtur
1441 1960 1700 1997 But-manno.—

229 2007 294 2037 467
316 2005 459 2036 Venett.
483 2003 590 2036 Aldd.
607 2004 721 2035 Coliu.
745 2004 880 2045 Gryph.
900 2004 1006 2036 Basil.
1030 2008 1068 2035 et
1083 2004 1201 2036 Plant.
1227 2003 1263 2034 in
1289 2003 1397 2036 limine
1410 2002 1513 2044 regis,-
1534 2002 1699 2035 Petrens.

231 2048 320 2080 Exc.
337 2047 480 2079 Cantab.
495 2047 635 2079 Tam-in.
649 2047 744 2078 Dan.
759 2047 840 2079 Put.
856 2047 981 2079 Petav.
999 2047 1100 2078 Laur.
1121 2047 1229 2088 Lang.
1247 2045 1399 2088 Lipsian.
1414 2044 1698 2078 Buslid.Behott.

231 2094 263 2123 1.
279 2093 312 2124 2.
337 2100 454 2123 omnes
470 2089 663 2130 Barthiani,
679 2089 909 2132 Lindenbrog.
934 2090 1036 2122 Cruc.
1053 2089 1198 2122 Gevart.
1211 2089 1368 2122 Grasser.
1386 2088 1532 2122 Amstel.
1543 2088 1700 2121 Gronov.

894 2187 1037 2221 NOTAE

233 2264 302 2287 sam
340 2263 416 2286 esse
453 2253 591 2286 scelesti
626 2253 722 2286 beni.
776 2253 940 2294 Sanguine

231 2305 326 2346 viles]
343 2305 387 2336 Id
404 2310 469 2341 est,
487 2309 526 2336 ut
542 2304 624 2336 vilia
639 2304 823 2346 mancipia.

274 2360 340 2389 459
364 2356 504 2395 Infamia
533 2357 573 2387 ad
599 2356 730 2397 proelia]
767 2356 857 2388 Nam
885 2366 940 2388 su-

232 2408 359 2443 mendo
375 2417 470 2440 arma
485 2412 608 2439 contra
623 2406 836 2448 Ponnicem,
849 2407 941 2439 fran-

233 2464 317 2502 gent
330 2459 434 2491 fidem
452 2458 587 2490 duobus
603 2457 766 2490 fratribus
788 2458 913 2489 datam.

275 2514 340 2543 460
363 2510 455 2542 Bone
477 2510 550 2551 rex]
564 2509 710 2541 Ironice.
761 2507 941 2548 Cilhoeron]

232 2563 336 2594 Mons
352 2561 513 2593 Boeotiae.

275 2614 338 2644 461
363 2609 502 2650 Ismene]
521 2609 679 2642 Ismenus
697 2607 821 2642 fluvius
837 2609 940 2641 Boeo-

233 2663 306 2695 tiae.

275 2714 340 2744 462
365 2711 446 2745 Hoec
466 2711 581 2752 pietas,
611 2710 678 2741 hoec
705 2718 820 2749 magna
839 2708 940 2751 fides]

232 2763 370 2798 Ironice
397 2767 435 2794 ut
463 2761 581 2804 supra,
605 2763 615 2781 ‘
630 2761 720 2794 bone
744 2761 829 2793 rex!
873 2761 941 2792 Nec

234 2815 368 2849 crimina
379 2815 488 2856 gentis
503 2815 595 2849 Mira
610 2814 750 2858 equidem
771 2815 867 2847 duco.-
894 2813 942 2845 sic

995 2254 1098 2296 [duc0,
1112 2253 1152 2295 si,
1170 2253 1240 2295 aym]
1255 2253 1336 2286 Non
1351 2251 1440 2284 duco
1454 2250 1591 2292 mirum,
1603 2249 1702 2288 dicit,

995 2305 1173 2338 Eteoclen:
1196 2304 1343 2337 inveniri
1364 2304 1567 2343 scelestum,
1588 2302 1617 2334 si
1633 2302 1703 2344 pri-

994 2365 1069 2387 mus
1086 2356 1222 2397 generis
1247 2359 1379 2396 auctor,
1401 2354 1438 2386 id
1462 2358 1528 2396 est,
1551 2353 1699 2396 OEdipns

995 2405 1062 2439 fnit
1085 2407 1265 2449 scelestus,
1292 2409 1329 2438 et
1355 2405 1495 2438 thalami
1518 2409 1698 2447 parentum

995 2457 1132 2490 incesti.

1037 2510 1102 2540 464
1125 2508 1191 2540 Sed
1206 2507 1302 2546 fallit
1329 2505 1433 2548 origo]
1460 2506 1503 2538 Iu
1529 2503 1697 2546 Polynice

997 2558 1144 2598 scilicet,
1164 2558 1223 2600 qui
1249 2557 1332 2590 nihil
1357 2556 1463 2589 habet
1484 2555 1594 2588 simile
1612 2564 1697 2588 *cum

996 2607 1210 2650 parentibus.
1638 2610 1641 2613 '

1037 2662 1100 2691 465
1127 2659 1300 2699 OEdipodes
1313 2661 1348 2690 tu
1361 2658 1445 2691 eolus
1458 2656 1536 2698 erin]
1560 2656 1698 2689 Morum

996 2708 1219 2741 similitudine
1255 2707 1401 2740 scincet.
1456 2707 1539 2739 Haec
1566 2707 1698 2748 premia

994 2769 1114 2792 morum
1134 2759 1184 2791 Ac
1196 2758 1333 2799 sceleris,
1345 2755 1604 2798 violente,seres]
1618 2757 1698 2788 Poe-

994 2821 1056 2845 nas
1070 2820 1195 2853 nempe
1210 2814 1247 2844 et
1261 2809 1500 2853 captivitatem
1512 2812 1662 2847 tuorum.

1405 2989 1425 3004 φ
