1820 3068
279 227 368 271 942

787 238 827 269 P.
858 238 1051 270 PAPINI!
1088 239 1254 271 STA'ru

283 335 470 378 Crescat
488 348 628 379 onus:
659 338 831 378 tantum
850 334 1039 378 reduces
1059 336 1136 379 det
1155 336 1330 379 flectere
1349 349 1528 392 gressus

281 404 473 459 Jupiter,
496 418 523 446 o
543 409 711 459 quanta
729 403 839 445 belli
857 403 1078 445 donabere
1097 405 1276 458 praeda!

283 472 495 514 Dircaeos
516 473 616 523 tibi,
641 472 776 522 Diva,
792 484 962 525 greges,
982 484 1298 527 numerumque
1317 472 1556 527 rependam

282 539 450 590 Plebis,
471 545 513 581 et
531 540 603 581 hic
620 551 784 592 magna
802 539 929 580 lucus
948 538 1193 592 signabitur
1212 552 1306 582 ara.

283 607 432 658 Dixit,
453 611 499 649 et
517 607 684 649 orantis
703 605 850 648 media
863 605 980 647 inter
998 606 1216 648 anhelitus
1234 606 1391 649 ardens

1658 607 1747 666 ⁷⁶4

283 674 434 717 Verba
454 674 587 729 rapit,
609 686 832 728 cursuque
851 673 1010 714 animae
1028 673 1154 715 labat
1171 673 1295 716 arida
1314 674 1478 729 lingna.

283 740 412 782 Idem
432 754 584 784 omnes
600 742 832 796 pallorque
852 740 990 790 viros,
1010 740 1228 796 flatusque
1249 741 1387 784 soluti

285 807 390 850 Oris
410 809 572 851 habet:
602 809 746 851 reddit
767 807 966 850 demisso
988 807 1174 849 Lemnia
1195 808 1347 850 vultu:

285 876 408 919 Diva
428 877 607 932 quidem
626 876 772 926 vobis,
793 876 880 917 etsi
901 875 1104 917 coelestis
1124 876 1248 930 origo
1267 881 1351 927 est,

284 943 416 986 Unde
438 945 553 998 ego'l
586 945 797 987 mortales
818 944 990 985 utinam
1008 943 1128 986 haud
1148 947 1424 998 transgressa
1441 943 1627 988 fuissem
1659 946 1746 988 770

283 1012 506 1054 Luctibus
523 1013 533 1054 Σ
564 1013 757 1054 altricem
777 1011 978 1054 mandati
1000 1013 1178 1054 cernitis
1197 1012 1351 1054 orbam

283 1079 490 1135 Pignoris
508 1096 519 1124 :
551 1086 599 1123 at
616 1081 783 1123 nostris
805 1093 862 1122 an
880 1079 979 1134 quis
998 1081 1142 1132 sinus,
1160 1080 1389 1135 uberaque
1409 1080 1517 1132 ulla,

284 1219 342 1252 Sic
358 1220 452 1259 felici
466 1223 550 1252 astro
565 1220 621 1252 hoc
633 1221 753 1261 pondus
778 1219 839 1252 tibi
861 1219 1031 1252 adolescat.
1076 1218 1183 1251 Solum
1205 1218 1336 1260 Jupiter
1354 1220 1502 1252 concedat
1525 1219 1695 1256 victoribus
1713 1219 1748 1252 in

280 1266 420 1304 patriam
435 1264 551 1303 redire,
567 1273 584 1294 ο
601 1264 727 1304 quantis
741 1263 815 1294 belli
827 1262 936 1303 spoliis
948 1263 1112 1294 donaberis
1121 1262 1138 1294 ,Ι
1175 1261 1249 1293 Dea
1263 1262 1322 1294 tibi
1334 1264 1498 1294 immolabo
1509 1262 1653 1295 victimas
1669 1263 1748 1296 The-

284 1306 394 1346 banos,
405 1309 435 1337 et
451 1309 509 1346 lot,
517 1310 589 1346 quot
601 1307 717 1338 erimus
729 1316 748 1338 a
761 1310 792 1338 te
802 1305 934 1345 servati,
944 1309 975 1336 et
987 1306 1037 1336 liic
1046 1315 1152 1337 nemus
1163 1304 1354 1345 insigniatur
1363 1305 1487 1346 ingenti
1497 1306 1602 1337 altari.
1626 1305 1749 1347 Inquit,

283 1349 470 1390 etflagrans
484 1349 640 1381 anhelitus
649 1349 815 1390 intercepit
826 1348 961 1380 mediam
972 1348 1125 1389 loqueatis
1134 1357 1318 1388 sermonem,
1329 1351 1360 1380 et
1370 1347 1534 1390 deficiente
1541 1348 1658 1389 spiritu
1665 1349 1749 1381 sicca

283 1392 393 1431 lingua
409 1392 537 1424 titubat.
570 1393 659 1424 Idem
672 1393 784 1433 pallor,
797 1395 830 1423 et
843 1391 924 1422 idem
939 1391 1055 1423 halitus
1067 1390 1172 1432 aperti
1185 1391 1250 1422 oris
1264 1395 1392 1432 occupat
1405 1391 1531 1424 milites.
1551 1391 1684 1423 Lemnia
1697 1401 1747 1423 re-

283 1435 408 1475 spondit
419 1436 538 1475 dejecta
543 1435 648 1474 facie.-
668 1436 756 1467 Unde
765 1444 822 1474 ego
835 1434 906 1471 Dea
918 1434 1003 1465 vobis
1011 1434 1130 1475 videor,
1141 1434 1201 1465 etsi
1211 1444 1313 1474 genus
1323 1435 1442 1466 coeteste
1452 1437 1518 1466 est?
1548 1434 1679 1472 Utinam
1687 1444 1749 1466 uon

282 1487 475 1518 superassem
483 1480 631 1510 mortales
638 1475 890 1510 calamitatibus!
901 1477 1054 1517 Aspicitis
1063 1477 1166 1508 orbam
1175 1477 1328 1508 nutricem
1335 1477 1491 1509 commissi
1500 1477 1632 1509 alumni.-
1642 1487 1750 1509 verum

274 1520 380 1552 'Deus
393 1521 506 1563 noscit,
520 1531 561 1553 an
575 1522 694 1553 nostris
706 1520 831 1562 aliquod
845 1519 889 1551 sit
909 1520 1077 1560 gremium,
1091 1523 1183 1561 alque
1195 1520 1269 1553 ullae
1283 1529 1424 1553 mammoe
1437 1520 1515 1553 sint.
1557 1520 1606 1553 Et
1616 1529 1749 1561 regnum

899 1625 1138 1639 ”amu

286 1704 376 1737 thius
391 1714 434 1736 ex
452 1705 581 1746 optimo
596 1705 717 1737 codice
741 1705 856 1738 malit:
882 1709 917 1737 tu
941 1708 1067 1746 pectora
1092 1705 1289 1737 belim-762
1311 1701 1442 1743 Jupiter
1465 1701 1526 1734 heu
1546 1705 1664 1743 quanta
1679 1701 1745 1733 Pe-

285 1751 503 1781 trens.—7G4
527 1748 698 1789 Sanguinis
712 1749 763 1780 hic
777 1759 893 1788 magna
907 1749 990 1780 Put.
1023 1748 1189 1780 sanabitur
1202 1756 1261 1777 ara
1284 1745 1435 1787 optimus
1457 1744 1594 1777 Barthii
1613 1744 1746 1784 codex3

285 1790 377 1823 unde
393 1791 475 1824 ille:
505 1792 682 1824 sacrabitur
703 1795 880 1824 arm—765
905 1792 1003 1824 Dixit
1017 1794 1047 1823 et
1062 1801 1117 1823 ora
1129 1789 1193 1822 viri
1212 1791 1247 1821 in
1272 1789 1392 1821 eodem
1415 1787 1535 1820 codice
1557 1787 1748 1820 Bataui.—

948 1898 1090 1931 NOTAE

327 1986 391 2016 761
418 1985 525 2026 Onus]
563 1983 810 2025 Archemorus,
833 1995 933 2028 quern
955 1985 992 2018 in

285 2035 375 2067 ulnis
391 2034 563 2076 gestabat.
773 2056 775 2058 ·

284 2079 287 2081 ’
328 2087 393 2116 762
419 2085 449 2116 Ο
473 2089 592 2127 quanta
607 2085 679 2118 belli
693 2087 845 2119 donabere
865 2087 990 2129 proeda]

284 2137 413 2178 Tangit
435 2147 564 2169 morem
587 2142 743 2170 veterum
767 2138 990 2170 consecrandi

284 2186 377 2227 Diis,
392 2196 536 2229 quorum
553 2186 673 2219 favore
701 2188 871 2229 vicerant,
888 2188 992 2220 hosti·

285 2247 343 2269 um
359 2237 481 2279 spolia.

328 2291 392 2320 763
416 2287 563 2320 Dircaeos
578 2288 648 2325 tibi,
664 2289 764 2326 Diva,
773 2298 899 2330 greges,
918 2288 991 2330 Sym]

285 2339 466 2380 Adrastus,
481 2339 713 2381 Hypsipylem
722 2340 831 2372 Deam
844 2349 920 2372 esse
936 2349 989 2371 ra-

286 2396 354 2431 tus,
387 2390 563 2431 promittit
592 2400 629 2422 se
652 2390 704 2422 illi
736 2390 989 2422 immolaturum

286 2441 482 2481 victimas‚e
498 2439 617 2482 praeda
628 2440 671 2471 ab
684 2440 839 2472 hostibus
853 2439 989 2472 Theba-

262 2486 265 2489 ’
284 2492 338 2524 nis
353 2491 489 2531 abacta,
519 2489 571 2533 (τὸ
593 2491 739 2523 Dircaeos
756 2490 845 2522 enim
860 2490 990 2522 Theba-

285 2551 348 2574 nos
381 2540 523 2583 innuit‚)
550 2550 614 2583 pro
650 2550 792 2572 numero
815 2540 989 2573 exercitus

285 2591 429 2631 servati,
452 2595 717 2633 erecturumque
733 2600 841 2632 aram,
864 2595 903 2622 ut
919 2600 990 2622 mo-

285 2646 484 2675 numentum
516 2642 654 2683 accepti
686 2642 730 2674 ab
757 2651 799 2674 ea
821 2640 992 2675 beneficii.

285 2694 432 2725 Veteres
448 2692 553 2734 enim,
576 2697 617 2725 ut
640 2693 805 2734 pietatem
821 2698 990 2724 testaren-

286 2747 344 2774 tur
370 2752 452 2784 erga
485 2744 593 2785 Deos,
620 2753 641 2775 a
672 2743 794 2785 quibus
824 2742 992 2776 beneficia

284 2798 508 2835 acceperant,
530 2803 607 2826 aras
631 2794 666 2825 in
687 2794 850 2826 honorem
872 2801 991 2826 eorum

1047 1986 1181 2027 erigere
1197 1984 1370 2024 solebant,
1391 1982 1513 2026 quibus
1536 1993 1598 2016 sua
1611 1982 1750 2015 nomina.

1045 2036 1292 2077 inscribebant,
1312 2036 1544 2077 collatamque
1559 2034 1623 2067 sibi
1637 2044 1658 2067 a
1670 2034 1748 2068 Diis

1047 2087 1205 2130 gratiam.

1085 2141 1149 2171 767
1172 2139 1342 2180 Flatusque
1354 2137 1449 2170 solati
1472 2137 1566 2179 Oris]
1600 2137 1747 2178 Gallice,

1047 2190 1162 2221 Courte
1175 2189 1308 2221 haleine.

1086 2242 1152 2271 768
1174 2238 1320 2279 Lemnia]
1334 2238 1537 2281 Hypsipyle.
1559 2239 1647 2271 Erat
1657 2239 1748 2271 enim

1044 2289 1191 2321 Lemnos
1204 2289 1279 2330 ejus
1296 2289 1420 2330 patria.

1098 2343 1164 2372 769
1196 2340 1274 2371 Etsi
1308 2339 1443 2371 coelestis
1476 2339 1582 2381 origo]
1629 2341 1743 2374 'Inoas

1043 2392 1147 2429 enim,
1160 2392 1231 2434 ejus
1249 2397 1359 2434 pater,
1373 2396 1450 2424 erat
1459 2391 1548 2425 filins
1562 2393 1703 2426 Bacchi.

1085 2445 1150 2475 771
1177 2442 1311 2484 Orbam]
1346 2442 1438 2475 Quia
1465 2442 1634 2474 incertum
1659 2445 1745 2483 erat,

1045 2503 1089 2525 an
1114 2492 1189 2530 filii,
1210 2502 1295 2534 quos
1317 2502 1360 2524 ex
1381 2491 1511 2525 Jasone
1535 2486 1746 2535 susceperat,

1044 2543 1155 2576 adhue
1171 2543 1340 2576 viverent.
1510 2570 1517 2573 ⁷

1087 2596 1152 2625 772
1176 2593 1222 2625 Ae
1236 2591 1366 2632 nostris]
1402 2589 1610 2634 pignoribus
1630 2601 1692 2624 sen
1706 2592 1747 2624 li·

1045 2643 1145 2676 beris.
1175 2642 1388 2684 Profugerat
1403 2642 1492 2674 enim
1511 2652 1533 2674 e
1548 2643 1690 2683 Lemno,
1703 2649 1744 2675 ut

1043 2693 1103 2724 lib.
1127 2702 1163 2725 v.
1192 2692 1376 2732 videbitur,
1400 2691 1529 2724 relictis
1551 2691 1683 2724 dnobus
1706 2693 1747 2724 li-

1043 2743 1134 2776 beris
1146 2743 1303 2775 Thoante
1314 2746 1351 2775 et
1363 2741 1497 2784 Euneo,
1511 2741 1620 2776 adbuc
1632 2741 1745 2776 infan-

1045 2793 1151 2827 tibus.
