1820 3068
230 240 317 283 790
729 251 774 281 P.
806 250 999 282 ΡΑΡιΝιι
1027 249 1200 283 s'rA'ru

232 348 458 392 Inviolata
477 347 598 397 feris,
621 346 832 402 nudoque
853 349 938 390 sub
958 361 1045 389 axe
1059 348 1290 402 jacentem

231 418 292 460 Et
310 429 479 467 nemus,
498 421 543 458 et
561 416 699 457 tristis
719 416 950 459 volucrum
970 417 1216 458 reverentia
1236 420 1400 458 servat.

230 484 296 528 At
315 489 468 538 nuptae
484 484 739 535 exanimes,
759 484 995 539 puerique,
1016 485 1212 538 aegrique
1233 487 1440 538 parentes

231 552 465 595 Moenibus
486 551 612 593 effusi
633 565 714 606 per
734 551 885 606 plana,
907 564 984 606 per
1003 553 1135 602 invia,
1156 553 1330 606 passim
1614 550 1700 593 115

233 618 440 675 Quisque
459 632 564 662 suas
585 619 708 662 avidi
729 619 785 660 ad
805 620 1026 674 lacrymas
1046 620 1296 661 miserabile
1313 622 1489 661 currunt

231 687 495 730 Certamen:
522 700 637 743 quos
659 687 800 730 densa
819 688 957 742 gradu
977 689 1242 731 comitantur
1261 692 1415 730 euntes

232 754 382 798 Millia
403 756 580 798 solandi
601 756 750 798 studio
767 770 778 798 :
800 770 905 811 pars
924 756 1071 799 visere
1089 756 1276 810 flagrant

232 822 382 866 Unius
404 829 507 866 acta
526 823 626 875 viri,
648 828 692 865 et
711 828 860 866 tantos
880 825 927 865 in
945 829 1076 866 nocte
1095 824 1285 865 labores.

233 891 397 934 Fervet
418 893 499 934 iter
515 893 698 946 gemitU‚
716 896 760 934 et
778 894 1067 947 plangoribus
1087 905 1195 935 arva
1214 887 1469 934 reclamanti
1613 891 1699 932 120

233 960 296 1003 Ut
312 974 417 1002 vero
440 961 629 1003 infames
652 962 888 1016 scopulos,
909 963 1175 1017 sylvamque
1190 959 1427 1002 nefandam

231 1027 517 1079 Perventum,
538 1042 620 1070 ceu
640 1029 766 1071 nulla
789 1030 910 1084 prius
929 1030 1138 1080 lamenta,
1158 1041 1239 1070 nec
1260 1027 1344 1070 atri

232 1095 499 1139 Manassent
519 1097 701 1148 imbreS‚
723 1097 788 1139 sic
810 1111 885 1139 ore
904 1098 1176 1139 miserrimus
1203 1109 1294 1138 uno

231 1162 443 1206 Exoritur
460 1164 620 1218 fragor,
637 1169 915 1220 aspectuque
936 1178 1127 1207 accensa
1147 1167 1331 1207 cruento

230 1274 355 1315 belluis,
371 1277 403 1307 et
420 1275 507 1315 sylva
534 1279 564 1306 et
580 1279 757 1307 moestarum
778 1276 884 1308 avium
899 1277 1075 1308 reverentia
1089 1275 1225 1308 custodit
1239 1275 1330 1307 illum
1349 1277 1512 1306 extensum
1525 1272 1581 1305 sub
1594 1276 1702 1315 aperto

230 1317 314 1349 ae're.
359 1317 496 1360 Afflictae
511 1321 617 1349 autem
637 1318 796 1359 conjuges,
813 1323 845 1351 et
866 1321 967 1360 pueri,
981 1330 1018 1351 ae
1040 1319 1160 1359 infirmi
1182 1322 1338 1360 parentes,
1353 1327 1394 1349 ex
1413 1317 1488 1349 urbe
1508 1318 1703 1357 erumpentes

229 1369 288 1400 per·
303 1364 422 1392 montes
435 1364 466 1392 et
485 1370 544 1401 per
567 1371 689 1402 campos
715 1364 906 1403 deploranda
929 1363 1138 1402 aemulaeione,
1157 1362 1276 1403 passim
1290 1364 1422 1393 currunt
1430 1359 1552 1398 festini
1573 1359 1616 1391 ad
1629 1368 1701 1390 suos

232 1404 360 1444 quisque
374 1403 493 1444 fletus:
531 1414 606 1444 quos
635 1406 735 1436 multa
762 1406 862 1437 millia
882 1405 1090 1447 sequebantur
1116 1404 1296 1436 consolandi
1328 1404 1447 1444 gratia.
1492 1403 1579 1434 Pars
1598 1401 1702 1434 videre

231 1448 323 1478 ardet
344 1446 435 1485 facta
457 1446 549 1478 unius
565 1446 640 1489 tiri,
661 1451 693 1479 et
708 1451 830 1480 tantam
845 1458 969 1490 operam
991 1449 1025 1480 in
1040 1458 1103 1480 una
1123 1451 1222 1480 nocte.
1272 1447 1334 1480 Via
1358 1448 1472 1478 oestuat
1499 1445 1659 1486 suspiriis,
1669 1447 1702 1476 et

231 1489 334 1530 campi
353 1492 501 1521 resonant
513 1490 702 1530 planctibus.
753 1492 799 1522 Ut
812 1501 885 1523 vero
898 1495 1080 1533 perventum
1095 1493 1142 1523 est
1164 1492 1206 1522 ad
1223 1489 1372 1529 funestas
1386 1498 1490 1530 rupes,
1508 1491 1540 1520 et
1558 1487 1702 1534 iniquum

231 1541 353 1572 nemus,
369 1536 404 1563 ut
416 1533 444 1563 si
456 1533 534 1564 nulli
541 1533 632 1574 prius
637 1533 780 1571 fuissent
794 1535 943 1575 ejulatus,
964 1544 1020 1566 nee
1031 1544 1149 1566 amarae
1171 1534 1318 1575 lacrymae
1328 1531 1515 1575 fluxissent,
1525 1530 1573 1563 sie
1587 1531 1702 1562 elamm-

233 1575 442 1607 lamentabz'lis
463 1585 514 1608 ore
545 1586 606 1608 uno
621 1577 741 1619 editur,
759 1580 789 1609 et
805 1578 972 1610 multitudo
994 1577 1130 1619 efferata
1150 1576 1324 1617 sanguineo
1339 1575 1515 1617 spectaculo
1529 1573 1564 1606 in
1582 1573 1704 1606 rabiem

849 1673 1087 1686 ‘mmm

234 1760 242 1769 .
256 1761 264 1769 .
282 1761 290 1769 .
303 1760 311 1769 .
328 1738 504 1770 reverentia
526 1738 652 1770 servet!
676 1737 899 1771 Idem-113
924 1742 934 1756 ‘
950 1738 1181 1780 Incongruum
1206 1737 1331 1779 adhuc,
1347 1739 1384 1770 et
1405 1746 1482 1769 meo
1494 1736 1607 1768 animo
1633 1745 1701 1768 non

232 1779 403 1813 satisfacit
416 1780 454 1811 τὸ
468 1791 592 1813 nemus.-
619 1791 778 1823 quorsum
801 1782 891 1813 enim
906 1781 1009 1822 hujus
1032 1782 1174 1821 mentio,
1189 1782 1217 1812 si
1233 1781 1296 1813 sub
1319 1780 1399 1812 a'ere
1414 1780 1505 1813 nudo
1516 1779 1648 1821 jaceat,
1663 1783 1701 1811 et

232 1823 401 1865 quomodo
415 1834 522 1856 nemus
545 1834 620 1855 eum
635 1828 762 1856 servet?
798 1824 895 1857 Nihil
916 1824 970 1856 hic
991 1825 1119 1866 juvant
1135 1823 1355 1860 membranae,
1370 1833 1434 1856 nec
1457 1823 1528 1856 ulla
1551 1823 1700 1854 varietas

233 1866 338 1898 infuit
354 1867 419 1898 illis
435 1867 540 1898 etiam
557 1877 640 1909 quas
657 1868 714 1899 alii
729 1867 894 1899 hacteuus
915 1868 1148 1900 contulerunt.
1191 1866 1248 1898 An
1272 1866 1514 1899 scribendum:
1538 1866 1584 1897 Et
1596 1874 1701 1906 pecus,

234 1910 391 1941 nimirum
407 1915 587 1943 mansueta
602 1910 765 1951 animata,
780 1921 859 1943 cum
874 1910 916 1942 de
931 1909 1014 1943 feris
1030 1915 1066 1942 et
1082 1909 1202 1942 avibus
1218 1909 1318 1941 modo
1333 1908 1438 1941 fuerit
1454 1909 1612 1940 locutus?
1642 1906 1700 1940 An

231 1952 352 1984 scitius
377 1952 580 1984 arbitratis:
605 1954 652 1985 Et
681 1957 794 1993 metus,
809 1954 931 1986 horror
953 1953 1113 1985 nimirum
1135 1951 1273 1994 quidam
1300 1956 1336 1984 et
1355 1951 1499 1993 religio?
1533 1950 1624 1983 Sane
1639 1959 1700 1982 ne-

232 1996 337 2027 moris
352 1996 480 2027 mentio
495 1995 578 2028 rnihi
603 1996 860 2037 suspectissima
884 1997 1009 2028 merito
1031 2006 1092 2028 suo
1118 1999 1246 2027 manet.
1289 1995 1331 2027 In
1352 1998 1453 2027 metus
1477 1993 1701 2034 scriptionem

233 2039 429 2071 consentire
446 2038 584 2071 videtur
598 2038 696 2071 nobis
721 2039 892 2071 Lutatius.
937 2039 1085 2072 Omnino
1102 2048 1218 2071 verum
1239 2042 1294 2070 est
1317 2041 1417 2070 metus
1438 2036 1615 2077 scripsisse
1630 2036 1699 2068 Pa-

235 2080 391 2120 pinium!
406 2081 505 2115 Idem.
549 2081 647 2113 Unus
664 2083 789 2115 Behot.
806 2083 942 2114 inverso
957 2082 1098 2114 ordine:
1123 2083 1280 2113 volucrum
1294 2081 1520 2113 tristis—115
1544 2079 1699 2121 Optimae

231 2124 365 2156 Barthii
381 2125 603 2162 membranae,
628 2125 756 2158 Behot.
782 2128 814 2158 2.
844 2126 948 2167 Lang.
970 2126 1072 2158 Laur.
1092 2124 1244 2166 Lipsian.
1267 2123 1400 2156 Buslid.
1429 2123 1589 2155 Petrens.
1613 2122 1699 2154 Exc.

219 2167 380 2199 vCantab.
399 2168 543 2200 Venett.
559 2172 596 2200 et
619 2168 721 2201 Rom.
741 2178 799 2210 per
819 2170 917 2206 avim·
940 2168 1023 2200 Put.
1038 2169 1163 2200 Petav.
1180 2166 1283 2199 Aldd.
1307 2167 1422 2199 Colin.
1445 2165 1578 2207 Gryph.
1594 2164 1701 2197 anil.

233 2210 351 2243 Plant.
383 2211 614 2251 Lindenbrog.
640 2211 743 2244 Cruc.
771 2212 917 2244 Gevart.
939 2215 976 2243 et
1003 2211 1159 2243 Grasser.
1182 2220 1240 2251 per
1265 2210 1386 2247 ardua;
1409 2209 1534 2240 Behot.
1552 2209 1584 2239 1.
1606 2207 1698 2240 Dan.

232 2253 344 2285 codex
368 2254 722 2295 Rottendorphianus‚
737 2255 876 2286 Taurin.
897 2255 1018 2287 Burm.
1043 2253 1189 2286 Amstel.
1212 2253 1366 2285 Gronov.
1392 2251 1513 2283 Barth,
1530 2249 1642 2283 Veen.
1661 2254 1700 2283 et

232 2297 361 2337 Delph.
373 2307 432 2337 per
446 2297 542 2328 invia.
586 2298 596 2315 ⁴
615 2297 701 2328 Mihi
725 2302 840 2329 tamen
862 2297 984 2329 melius
1009 2297 1150 2329 aliorum
1167 2295 1226 2327 alii
1241 2304 1364 2336 sapere
1389 2294 1562 2333 videntur,
1577 2292 1638 2335 qui
1651 2291 1700 2324 le-

235 2345 343 2380 gunt:
366 2350 422 2380 per
443 2341 551 2380 plana,
571 2349 629 2380 per
642 2350 754 2382 aspera
764 2351 777 2378 ;
798 2350 875 2383 quae
901 2341 1073 2382 oppositio
1089 2344 1184 2371 reeta
1214 2337 1292 2370 est.’
1309 2336 1427 2369 Barth.
1443 2334 1533 2368 Vide
1547 2334 1657 2368 Theb.
1672 2344 1698 2367 1.

235 2385 310 2415 197.
330 2386 458 2415 11.555.
482 2387 518 2414 et
536 2391 592 2414 ιιι.
608 2385 795 2415 miz—118
819 2383 861 2415 In
878 2393 943 2415 uno
971 2383 1091 2415 codice
1117 2381 1269 2414 Barthii:
1290 2390 1367 2422 pars
1391 2379 1495 2412 visere
1521 2381 1700 2411 certant—

236 2427 298 2457 120
330 2425 543 2458 ‘Vei-issima
568 2426 686 2468 lectio,
713 2435 832 2458 sonum
857 2427 908 2458 rei
931 2427 1139 2469 exprimens,
1153 2424 1355 2457 membranis
1370 2423 1473 2455 etiam
1488 2422 1626 2464 optimis
1668 2429 1699 2452 ι·-

280 2568 343 2597 116
366 2565 448 2596 Suns
462 2565 503 2596 ad
517 2565 687 2607 lacrymas]
717 2565 759 2597 Id
775 2570 840 2606 est,
856 2576 939 2608 quas
995 2567 1046 2598 Ut
1072 2564 1219 2598 Horatio
1242 2573 1266 2596 ι.
1291 2562 1360 2595 Od.
1375 2564 1408 2594 3.
1432 2559 1606 2593 ‘Infames
1627 2569 1699 2593 seo-

236 2616 278 2648 de
296 2616 366 2647 suis
380 2615 529 2647 habituri
547 2621 639 2648 sunt.
994 2617 1093 2658 pulos
1117 2611 1401 2653 Acroceraunia:
1423 2609 1613 2653 naufragiis
1635 2612 1700 2645 sci·

279 2670 342 2699 121
368 2666 520 2708 Infames]
557 2666 622 2698 Vel
651 2673 795 2709 propter
815 2668 938 2710 Sphin-
994 2668 1089 2699 licet.

237 2727 414 2760 gem‚qnae
432 2718 485 2749 hic
503 2717 620 2750 sedem
633 2719 789 2751 habuisse
802 2719 940 2762 dicitur,
1039 2720 1102 2749 122
1127 2717 1193 2747 Ceu
1215 2716 1302 2747 nulla
1322 2713 1412 2754 prius
1433 2712 1585 2754 lamenta]
1613 2712 1697 2745 Tam

236 2774 274 2800 ut
314 2767 458 2799 vidimus
489 2768 578 2799 libro
610 2769 854 2810 praecedente;
887 2771 940 2802 vel
996 2768 1096 2801 triste
1126 2767 1216 2798 enim
1252 2764 1488 2807 spectaculum
1518 2764 1698 2796 renovavit

235 2823 377 2861 propter
404 2822 456 2850 tot
483 2818 597 2851 caedes
626 2829 646 2851 a
670 2819 788 2860 Tydeo
819 2820 939 2854 factas.
996 2820 1175 2860 lacrymas
