1820 3068
223 244 310 286 844

722 256 764 286 P.
797 255 991 286 PAPINH
1024 255 1192 288 STA'rn

226 351 485 406 Impatiens,
504 350 747 405 largusque
766 351 943 402 animae,
962 348 1096 394 niodo
1116 350 1308 395 suaserit
1325 350 1430 407 ira),

226 418 358 461 Unus
379 423 429 460 ut
449 433 474 460 e
493 418 633 473 sylvis
652 418 850 460 PholoeS
869 418 1093 461 habitator
1112 432 1285 474 opacae,

225 486 349 528 Inter
367 490 411 529 et
426 487 624 528 AEtnaeos
645 499 802 540 aequus
823 499 1089 541 consurgere
1108 488 1281 538 fratres,

1598 486 1686 528 605

225 554 346 596 Ante
366 555 500 605 fores,
521 556 597 597 ubi
618 556 746 596 turba
766 555 947 606 ducum,
966 556 1174 610 vulgique
1194 555 1431 605 frementis,

225 621 520 677 Amphiarae,
537 626 654 673 tuas,
668 622 783 673 Quae
805 627 932 663 tanta
951 623 1144 675 ignavia,
1165 623 1343 673 clamat,

225 689 487 732 Inachidae‘?
518 703 688 744 vosque
709 703 737 731 o
759 689 885 731 socio
906 688 961 730 de
982 690 1196 743 sanguine
1217 690 1384 732 Achivi

226 757 372 799 Unius
391 757 501 814 (heu
521 755 711 812 pudeat)
730 757 902 810 plebeia
922 756 979 797 ad
998 757 1153 798 limina
1174 757 1303 808 civis,

222 825 318 866 Tot
338 825 453 867 ferro
474 826 689 867 accinctae
710 829 879 877 gentes,
902 824 1151 878 animisque
1173 829 1357 879 paratae,

1602 822 1689 865 610

224 892 510 934 Pendemus‘l
541 906 630 934 non
650 892 685 934 si
708 893 806 946 ipse
828 904 941 934 cavo
963 893 1048 934 sub
1070 893 1231 934 vertice
1251 891 1446 947 Cyrrhae,

226 959 446 1015 Quisquis
466 962 505 1003 is
525 965 595 1002 est
613 960 799 1011 timidis,
819 959 1040 1015 samaeque
1059 960 1125 1001 ita
1145 960 1286 1011 visus,
1305 958 1474 1015 Apollo

226 1027 419 1083 Mugiat,
439 1028 598 1070 insano
618 1028 798 1083 penitus
819 1027 1022 1070 seclusus
1038 1027 1086 1069 in
1106 1031 1249 1079 antro,

224 1143 295 1183 run}
315 1138 447 1177 spretor,
469 1139 500 1168 et
514 1135 687 1168 intolerans
700 1136 794 1178 oequi.
817 1140 850 1169 et
871 1136 948 1168 vitoe
970 1137 1124 1179 prodigus
1146 1138 1175 1169 si
1199 1137 1250 1169 ira
1268 1134 1461 1178 impulerit,)
1478 1139 1603 1178 poterat
1618 1146 1690 1170 cen-

223 1186 289 1208 sen
301 1187 382 1209 unus
396 1187 437 1209 ex
449 1178 563 1210 incolis
573 1189 732 1211 nemorum
745 1180 882 1211 obscurae
898 1180 1043 1220 Pholo'e's,
1058 1184 1090 1212 et
1105 1179 1390 1221 ‹equarismtn'lms
1403 1181 1553 1212 AEtnaeis.
1597 1180 1689 1212 Voci-

216 1218 348 1257 feratur
361 1224 434 1252 ante
445 1225 570 1262 portam
584 1225 683 1262 tuam,
697 1222 903 1263 Amphiarae,
917 1223 971 1254 ubi
985 1233 1099 1262 agmen
1114 1227 1185 1255 erat
1196 1223 1406 1264 optimatium,
1421 1225 1452 1253 et
1467 1223 1691 1255 tumultuantis

219 1261 343 1302 plebis.-
368 1263 448 1299 Quae
473 1267 564 1296 tanta
588 1265 688 1296 animi
713 1265 856 1306 abjectio,
877 1266 1063 1297 Inachidae?
1091 1266 1222 1307 Vosque,
1246 1265 1374 1304 Achivi,
1398 1265 1507 1306 quibus
1532 1265 1689 1297 nobiseum

221 1305 307 1335 idem
319 1314 433 1346 genus,
455 1307 607 1339 haeremus
621 1309 663 1338 ad
678 1308 826 1348 plebeium
841 1309 954 1339 ostium
965 1309 1057 1340 unius
1069 1309 1160 1349 civis,
1182 1311 1228 1340 tot
1238 1308 1345 1349 populi
1357 1308 1433 1349 (heu
1452 1308 1583 1348 pudeat)
1597 1308 1689 1345 ferro

223 1348 353 1388 armti,
376 1352 407 1379 et
431 1350 545 1381 animis
564 1352 695 1391 parati?
718 1351 811 1383 Licet
825 1352 891 1391 ipse
905 1350 1018 1392 Apollo
1035 1351 1258 1392 (quoquomodo
1273 1361 1343 1383 eum
1357 1350 1531 1382 meticulosi
1552 1351 1690 1382 comide-

221 1393 308 1432 rent,
328 1393 361 1422 et
375 1391 469 1430 fama
486 1392 608 1436 Jactet)
631 1393 784 1432 fremeret
806 1394 862 1426 sub
884 1404 959 1426 cavo
988 1394 1120 1436 Cyrrhae
1144 1394 1314 1436 cacumine,
1341 1393 1467 1435 penitus
1492 1393 1626 1425 seclum
1655 1393 1690 1425 in

840 1482 1081 1495 ”MNOMO

223 1546 346 1579 Divum
370 1551 544 1580 contemtor
563 1548 652 1580 alter
674 1548 906 1580 Benna—605
929 1547 940 1566 ‘
959 1547 1086 1579 Melior
1109 1546 1194 1579 ordo
1216 1547 1250 1579 in
1275 1546 1428 1579 lectione
1450 1545 1528 1578 libri
1543 1544 1664 1587 optimi
1679 1556 1690 1578 ε

223 1591 348 1631 AEquus
375 1594 406 1622 et
436 1592 578 1623 AEtnoeos
605 1592 689 1623 inter
717 1600 900 1631 consurgere
914 1590 1061 1629 fratres!
1084 1590 1316 1622 Barth—606
1339 1590 1461 1621 Behot.
1488 1592 1518 1621 1.
1624 1588 1631 1596 ⁸

223 1634 506 1666 trementis—608
529 1634 570 1665 In
594 1635 715 1666 eodem
743 1634 886 1665 codice:
910 1643 962 1665 vos
983 1644 1001 1664 o
1027 1633 1223 1665 ποῖὰ-609
1257 1632 1407 1665 Phoebeia
1430 1633 1471 1663 ad
1491 1631 1602 1663 limina
1627 1640 1689 1672 op-

223 1675 319 1707 timae
345 1676 479 1708 Barthii
505 1677 726 1717 membranae,
753 1676 842 1708 Dan.
871 1676 952 1709 Put.
984 1676 1108 1708 Petav.
1137 1675 1244 1708 Aldd.
1275 1675 1388 1707 Colin.
1419 1674 1552 1716 Gryph.
1582 1673 1690 1705 Basil.

223 1718 343 1750 Plant.
361 1719 596 1761 Lindenbrog.
618 1720 722 1752 Cruc-
748 1719 906 1751 Grasser.
923 1725 959 1751 et
975 1719 1117 1751 Gevart.
1131 1718 1252 1759 plebeia
1272 1719 1314 1749 ud
1339 1717 1449 1749 limina
1471 1726 1557 1748 unus
1578 1715 1690 1748 codex

223 1760 371 1801 Barthii,
395 1762 503 1803 Lang.
518 1762 619 1794 Laur.
637 1762 786 1803 Lipsian.
797 1761 931 1794 Buslid.
948 1762 1106 1793 Petrens.
1122 1761 1260 1793 Taurin.
1276 1761 1552 1800 Burin-uterque
1566 1758 1691 1791 Behot.

224 1804 371 1836 Venett.
387 1805 486 1836 Rom.
511 1804 656 1837 Amstel.
684 1805 839 1837 Gronov.
863 1804 984 1836 Barth.
1008 1805 1118 1835 Veeu.
1145 1808 1183 1835 et
1211 1803 1447 1843 Delph,-612
1478 1802 1521 1833 In
1549 1800 1689 1843 optimis

204 1877 206 1880 ,
224 1845 360 1879 Barthii
382 1847 611 1880 membranis:
625 1848 785 1889 famaeque
811 1848 861 1882 ita
885 1848 976 1879 disus
997 1847 1110 1889 Apollo
1122 1856 1136 1884 ;
1159 1846 1251 1889 quod
1272 1846 1331 1877 ille
1346 1845 1591 1887 proban—613
1623 1843 1691 1876 ‘In

883 1932 1031 1966 NOTAE

266 2001 331 2030 603
354 1998 537 2040 Largasque
578 1999 692 2031 anim
728 1998 758 2030 si
794 1998 930 2030 suaserit

223 2049 290 2090 ira]
314 2049 372 2081 Ira
395 2050 485 2082 enim
509 2049 659 2082 fortibus
683 2053 738 2081 est
753 2050 851 2091 quasi
874 2049 933 2081 sti-

223 2100 337 2132 mulus
369 2100 508 2133 additus
531 2100 696 2141 ingenitae
722 2099 932 2140 fortitudini,

226 2161 295 2193 quo
311 2151 478 2193 promtius
492 2155 597 2182 ruunt
611 2151 647 2182 in
663 2150 830 2192 pericula.
864 2150 931 2181 Pe-

224 2202 403 2243 ripatetici
418 2201 631 2234 iracundiam
655 2204 769 2233 cotem
792 2200 932 2232 fortitu-

225 2252 314 2284 dinis
346 2262 422 2283 esse
439 2251 616 2283 dicebant.
662 2252 773 2284 Quam
790 2256 931 2283 senten-

225 2304 310 2334 tiam
343 2302 475 2334 refellit
511 2302 635 2334 Cicero
664 2302 766 2333 Tusc.
797 2302 931 2335 Quaest.

226 2353 290 2384 lib.
306 2361 358 2385 iv.

269 2406 335 2436 604
361 2402 451 2434 Unus
464 2405 501 2433 ut
513 2411 530 2433 e
545 2401 644 2443 sylvis
659 2401 795 2433 Pholoes
810 2401 931 2433 habita-

225 2457 277 2486 tor
290 2463 394 2494 opacoe
409 2453 501 2484 Inter
515 2455 547 2484 et
561 2453 705 2483 AEtnoeos
731 2462 836 2493 oequus
860 2462 932 2483 con·

225 2501 507 2544 surgeresratres]
530 2502 654 2534 Mens:
678 2502 861 2543 Capaneus
891 2511 934 2534 ea

226 2558 303 2587 erat
317 2553 471 2595 corporis
487 2556 632 2587 statura.
648 2562 689 2584 ac
705 2552 933 2593 proceritate,

226 2609 267 2636 ut
282 2608 401 2646 posset
416 2603 554 2634 censeri
569 2611 655 2633 unus
667 2611 712 2633 ex
726 2600 931 2633 habitatori-

226 2654 290 2687 bus
301 2663 403 2694 opacae
413 2652 560 2692 Pholo'e's,
569 2651 605 2682 id
621 2655 688 2691 est,
704 2660 722 2682 e
736 2651 933 2691 Centauris,

226 2704 286 2746 qui
302 2703 503 2736 habitabant
528 2701 684 2733 Pholoen
700 2706 851 2733 montem
866 2700 932 2733 Ar-

227 2753 349 2790 cadiae,
366 2757 402 2785 et
418 2752 556 2794 aequalis
567 2755 643 2784 erat
659 2750 803 2784 AEtnaeis
814 2749 932 2783 fratri-

228 2804 303 2847 bus,
319 2803 354 2837 id
368 2807 435 2843 est,
451 2802 675 2846 Cyclopibus,
689 2801 749 2844 qui
773 2801 873 2834 sedes
897 2801 932 2834 in

983 1997 1089 2030 AEtna
1114 1996 1270 2029 habuisse
1293 1995 1478 2028 dicuntur:
1502 1993 1595 2027 unde
1617 1993 1689 2028 AEt-

984 2047 1052 2078 naei
1082 2050 1261 2079 vocantur.
1305 2045 1453 2087 Fratres]
1475 2044 1566 2078 Quia
1590 2049 1692 2077 erant

985 2097 1145 2139 Neptuni
1158 2101 1194 2129 et
1208 2095 1437 2138 Amphitrites
1457 2094 1533 2128 filii.
1575 2095 1691 2137 Virgi-

985 2146 1052 2179 lius
1086 2146 1222 2179 AEneid.
1258 2155 1317 2179 ιιι.
1354 2149 1364 2164 ‘
1381 2146 1535 2178 AEtnaeos
1560 2144 1689 2178 fratres

988 2199 1076 2230 coelo
1092 2198 1208 2239 capita
1220 2197 1292 2229 alta
1300 2190 1478 2229 ferentes:

1029 2250 1094 2279 608
1130 2247 1308 2288 Inachiae]
1358 2246 1493 2288 Argivi.

985 2297 1077 2330 Vide
1088 2297 1148 2329 lib.
1163 2297 1383 2338 praecedente
1398 2306 1447 2328 vs.
1463 2298 1538 2328 169.

1028 2350 1093 2379 609
1114 2346 1259 2389 Plebeia]
1302 2347 1350 2378 Et
1373 2345 1504 2387 optime
1526 2345 1569 2377 ad
1595 2346 1691 2387 geni-

985 2406 1042 2428 um
1058 2396 1224 2437 Capanei.
1268 2395 1420 2428 Phoebeio
1445 2394 1576 2428 habent
1598 2396 1691 2438 prio-

986 2457 1041 2480 res
1056 2446 1240 2479 editiones.
1550 2474 1552 2477 ,

1028 2500 1093 2530 611
1119 2497 1205 2529 cavo
1217 2496 1274 2528 sub
1289 2495 1408 2528 vertice
1432 2494 1582 2537 Cyn-lta]
1603 2494 1693 2527 Par-

987 2556 1101 2587 nass0,
1126 2546 1170 2579 ad
1185 2545 1282 2587 eujus
1297 2545 1432 2577 radices
1453 2545 1520 2577 sita
1545 2544 1692 2587 cyrrha,

986 2598 1126 2630 oraculo
1165 2596 1336 2638 Apollinis
1372 2595 1532 2628 celebris.
1590 2595 1693 2638 Caso]

987 2649 1178 2680 Parnassus
1194 2647 1284 2679 enim
1304 2645 1456 2678 habebat
1477 2644 1626 2685 Delphis
1640 2644 1691 2678 hi-

1559 2245 1692 2288 Achivi]

988 2704 1097 2740 ntum,
1119 2707 1164 2730 ex
1179 2707 1248 2739 quo
1272 2697 1322 2728 vis
1345 2694 1492 2728 fatidica
1513 2694 1692 2737 veniebat,
1745 2740 1750 2745 Υ

987 2754 1025 2782 et
1039 2748 1206 2790 implebat
1222 2746 1397 2788 Pythiam.

1029 2804 1093 2835 613
1116 2799 1235 2842 Antro]
1254 2799 1325 2832 Seu
1339 2797 1436 2833 biatu
1451 2795 1631 2840 Delphico.
1681 2824 1683 2826 .
