<?xml version="1.0" encoding="UTF-8"?>
<!DOCTYPE html PUBLIC "-//W3C//DTD XHTML 1.0 Transitional//EN"
    "http://www.w3.org/TR/xhtml1/DTD/xhtml1-transitional.dtd">
<html xmlns="http://www.w3.org/1999/xhtml" xml:lang="en" lang="en">
 <head>
  <title>
</title>
<meta http-equiv="Content-Type" content="text/html;charset=utf-8" />
  <meta name='ocr-system' content='tesseract 3.04.00' />
  <meta name='ocr-capabilities' content='ocr_page ocr_carea ocr_par ocr_line ocrx_word'/>
</head>
<body>
  <div class='ocr_page' id='page_1' title='image "./operaomniaexedit02statuoft_0272.png"; bbox 0 0 1820 3068; ppageno 0'>
   <div class='ocr_carea' id='block_1_1' title="bbox 212 206 302 250">
    <p class='ocr_par' dir='ltr' id='par_1_1' title="bbox 212 206 302 250">
     <span class='ocr_line' id='line_1_1' title="bbox 212 206 302 250; baseline 0.011 -1"><span class='ocrx_word' id='word_1_1' title='bbox 212 206 302 250; x_wconf 83' lang='lat'><strong>856</strong></span> 
     </span>
    </p>
   </div>
   <div class='ocr_carea' id='block_1_2' title="bbox 712 216 1183 251">
    <p class='ocr_par' dir='ltr' id='par_1_2' title="bbox 712 216 1183 251">
     <span class='ocr_line' id='line_1_2' title="bbox 712 216 1183 251; baseline 0.004 -2"><span class='ocrx_word' id='word_1_2' title='bbox 712 218 754 249; x_wconf 87' lang='lat' dir='ltr'><strong>P.</strong></span> <span class='ocrx_word' id='word_1_3' title='bbox 788 216 982 249; x_wconf 80' lang='lat' dir='ltr'><strong>PAPINII</strong></span> <span class='ocrx_word' id='word_1_4' title='bbox 1014 218 1183 251; x_wconf 81' lang='lat' dir='ltr'><strong>s&#39;rA&#39;ru</strong></span> 
     </span>
    </p>
   </div>
   <div class='ocr_carea' id='block_1_3' title="bbox 249 313 1687 523">
    <p class='ocr_par' dir='ltr' id='par_1_3' title="bbox 249 313 1687 523">
     <span class='ocr_line' id='line_1_3' title="bbox 249 313 1683 360; baseline 0.004 -14"><span class='ocrx_word' id='word_1_5' title='bbox 249 313 428 355; x_wconf 56' lang='lat' dir='ltr'><strong>Lamiam,</strong></span> <span class='ocrx_word' id='word_1_6' title='bbox 445 314 503 357; x_wconf 88' lang='lat' dir='ltr'><strong>qui</strong></span> <span class='ocrx_word' id='word_1_7' title='bbox 527 324 589 357; x_wconf 81' lang='lat' dir='ltr'><strong>per</strong></span> <span class='ocrx_word' id='word_1_8' title='bbox 611 314 793 348; x_wconf 82' lang='lat' dir='ltr'>calidiores</span> <span class='ocrx_word' id='word_1_9' title='bbox 819 313 925 346; x_wconf 83' lang='lat' dir='ltr'><strong>etiam</strong></span> <span class='ocrx_word' id='word_1_10' title='bbox 949 313 1125 346; x_wconf 76' lang='lat' dir='ltr'><strong>Caniculae</strong></span> <span class='ocrx_word' id='word_1_11' title='bbox 1143 313 1217 346; x_wconf 84' lang='lat' dir='ltr'><strong>dies</strong></span> <span class='ocrx_word' id='word_1_12' title='bbox 1232 323 1368 356; x_wconf 79' lang='lat' dir='ltr'>semper</span> <span class='ocrx_word' id='word_1_13' title='bbox 1381 313 1490 349; x_wconf 80' lang='lat' dir='ltr'><strong>fluere</strong></span> <span class='ocrx_word' id='word_1_14' title='bbox 1504 317 1628 360; x_wconf 78' lang='lat' dir='ltr'><strong>soleat,</strong></span> <span class='ocrx_word' id='word_1_15' title='bbox 1646 321 1683 351; x_wconf 86' lang='lat' dir='ltr'><strong>et</strong></span> 
     </span>
     <span class='ocr_line' id='line_1_4' title="bbox 249 367 1683 413; baseline 0.004 -14"><span class='ocrx_word' id='word_1_16' title='bbox 249 377 418 409; x_wconf 86' lang='lat' dir='ltr'>perennes</span> <span class='ocrx_word' id='word_1_17' title='bbox 446 378 552 410; x_wconf 85' lang='lat' dir='ltr'><strong>aquas</strong></span> <span class='ocrx_word' id='word_1_18' title='bbox 578 371 775 413; x_wconf 83' lang='lat' dir='ltr'><strong>conservet,</strong></span> <span class='ocrx_word' id='word_1_19' title='bbox 803 376 910 409; x_wconf 85' lang='lat' dir='ltr'><strong>seque</strong></span> <span class='ocrx_word' id='word_1_20' title='bbox 933 367 1009 399; x_wconf 87' lang='lat' dir='ltr'><strong>illos</strong></span> <span class='ocrx_word' id='word_1_21' title='bbox 1026 367 1070 399; x_wconf 91' lang='lat' dir='ltr'><strong>ad</strong></span> <span class='ocrx_word' id='word_1_22' title='bbox 1085 368 1176 400; x_wconf 89' lang='lat' dir='ltr'><strong>hunc</strong></span> <span class='ocrx_word' id='word_1_23' title='bbox 1193 367 1384 401; x_wconf 80' lang='lat' dir='ltr'><strong>ducturam·</strong></span> <span class='ocrx_word' id='word_1_24' title='bbox 1429 371 1476 402; x_wconf 87' lang='lat' dir='ltr'><strong>Et</strong></span> <span class='ocrx_word' id='word_1_25' title='bbox 1491 372 1621 413; x_wconf 83' lang='lat' dir='ltr'><strong>statim,</strong></span> <span class='ocrx_word' id='word_1_26' title='bbox 1643 378 1683 405; x_wconf 86' lang='lat' dir='ltr'><strong>ut</strong></span> 
     </span>
     <span class='ocr_line' id='line_1_5' title="bbox 250 420 1687 464; baseline 0.005 -11"><span class='ocrx_word' id='word_1_27' title='bbox 250 420 386 453; x_wconf 74' lang='lat' dir='ltr'>facilius</span> <span class='ocrx_word' id='word_1_28' title='bbox 402 421 483 461; x_wconf 85' lang='lat' dir='ltr'><strong>iret,</strong></span> <span class='ocrx_word' id='word_1_29' title='bbox 497 422 675 463; x_wconf 83' lang='lat' dir='ltr'><strong>parvulum</strong></span> <span class='ocrx_word' id='word_1_30' title='bbox 690 422 724 453; x_wconf 89' lang='lat' dir='ltr'><strong>in</strong></span> <span class='ocrx_word' id='word_1_31' title='bbox 743 421 898 463; x_wconf 87' lang='lat' dir='ltr'><strong>gramine</strong></span> <span class='ocrx_word' id='word_1_32' title='bbox 914 420 1071 463; x_wconf 86' lang='lat' dir='ltr'>deponit.</span> <span class='ocrx_word' id='word_1_33' title='bbox 1116 422 1238 464; x_wconf 86' lang='lat' dir='ltr'><strong>Argivi</strong></span> <span class='ocrx_word' id='word_1_34' title='bbox 1251 422 1372 455; x_wconf 86' lang='lat' dir='ltr'><strong>ducem</strong></span> <span class='ocrx_word' id='word_1_35' title='bbox 1385 425 1563 458; x_wconf 86' lang='lat' dir='ltr'><strong>mulierem</strong></span> <span class='ocrx_word' id='word_1_36' title='bbox 1577 428 1687 460; x_wconf 75' lang='lat' dir='ltr'><strong>secuti</strong></span> 
     </span>
     <span class='ocr_line' id='line_1_6' title="bbox 251 467 1684 523; baseline 0.003 -15"><span class='ocrx_word' id='word_1_37' title='bbox 251 467 296 508; x_wconf 70' lang='lat' dir='ltr'><strong>ad</strong></span> <span class='ocrx_word' id='word_1_38' title='bbox 312 475 442 508; x_wconf 85' lang='lat' dir='ltr'><strong>fontem</strong></span> <span class='ocrx_word' id='word_1_39' title='bbox 469 475 671 508; x_wconf 86' lang='lat' dir='ltr'><strong>deveniunt.</strong></span> <span class='ocrx_word' id='word_1_40' title='bbox 716 475 847 508; x_wconf 82' lang='lat' dir='ltr'><strong>Sedata</strong></span> <span class='ocrx_word' id='word_1_41' title='bbox 873 476 945 513; x_wconf 85' lang='lat' dir='ltr'><strong>siti,</strong></span> <span class='ocrx_word' id='word_1_42' title='bbox 970 485 1056 508; x_wconf 89' lang='lat' dir='ltr'><strong>unus</strong></span> <span class='ocrx_word' id='word_1_43' title='bbox 1073 486 1092 509; x_wconf 93' lang='lat' dir='ltr'><strong>e</strong></span> <span class='ocrx_word' id='word_1_44' title='bbox 1108 477 1252 510; x_wconf 85' lang='lat' dir='ltr'><strong>ducibus</strong></span> <span class='ocrx_word' id='word_1_45' title='bbox 1277 476 1382 511; x_wconf 82' lang='lat' dir='ltr'><strong>fontis</strong></span> <span class='ocrx_word' id='word_1_46' title='bbox 1404 479 1535 512; x_wconf 86' lang='lat' dir='ltr'><strong>numini</strong></span> <span class='ocrx_word' id='word_1_47' title='bbox 1556 481 1684 523; x_wconf 80' lang='lat' dir='ltr'><strong>gratias</strong></span> 
     </span>
    </p>
   </div>
   <div class='ocr_carea' id='block_1_4' title="bbox 250 529 914 573">
    <p class='ocr_par' dir='ltr' id='par_1_4' title="bbox 250 529 914 573">
     <span class='ocr_line' id='line_1_7' title="bbox 250 529 914 573; baseline 0 -11"><span class='ocrx_word' id='word_1_48' title='bbox 250 529 333 571; x_wconf 81' lang='lat' dir='ltr'><strong>agit,</strong></span> <span class='ocrx_word' id='word_1_49' title='bbox 350 529 451 572; x_wconf 81' lang='lat' dir='ltr'><strong>eique</strong></span> <span class='ocrx_word' id='word_1_50' title='bbox 466 539 541 563; x_wconf 80' lang='lat' dir='ltr'><strong>aras</strong></span> <span class='ocrx_word' id='word_1_51' title='bbox 555 540 596 564; x_wconf 85' lang='lat' dir='ltr'><strong>ac</strong></span> <span class='ocrx_word' id='word_1_52' title='bbox 612 540 712 564; x_wconf 80' lang='lat' dir='ltr'><strong>saera</strong></span> <span class='ocrx_word' id='word_1_53' title='bbox 725 530 914 573; x_wconf 81' lang='lat' dir='ltr'><strong>promittit.</strong></span> 
     </span>
    </p>
   </div>
   <div class='ocr_carea' id='block_1_5' title="bbox 207 801 1396 944">
    <p class='ocr_par' dir='ltr' id='par_1_5' title="bbox 207 801 1396 944">
     <span class='ocr_line' id='line_1_8' title="bbox 207 801 1396 877; baseline 0.005 -18"><span class='ocrx_word' id='word_1_54' title='bbox 207 801 454 862; x_wconf 80' lang='lat' dir='ltr'><strong>TER&#39;rms</strong></span> <span class='ocrx_word' id='word_1_55' title='bbox 475 819 722 863; x_wconf 85' lang='lat' dir='ltr'><strong>horrentem</strong></span> <span class='ocrx_word' id='word_1_56' title='bbox 742 822 963 877; x_wconf 86' lang='lat' dir='ltr'><strong>Zephyris</strong></span> <span class='ocrx_word' id='word_1_57' title='bbox 982 819 1216 865; x_wconf 74' lang='lat' dir='ltr'><strong>laxaverat</strong></span> <span class='ocrx_word' id='word_1_58' title='bbox 1234 834 1396 865; x_wconf 87' lang='lat' dir='ltr'><strong>annum</strong></span> 
     </span>
     <span class='ocr_line' id='line_1_9' title="bbox 211 886 1283 944; baseline 0.006 -17"><span class='ocrx_word' id='word_1_59' title='bbox 211 886 430 939; x_wconf 88' lang='lat' dir='ltr'><strong>Phoebus,</strong></span> <span class='ocrx_word' id='word_1_60' title='bbox 451 891 497 930; x_wconf 85' lang='lat' dir='ltr'><strong>et</strong></span> <span class='ocrx_word' id='word_1_61' title='bbox 514 895 752 942; x_wconf 79' lang='lat' dir='ltr'><strong>angustum</strong></span> <span class='ocrx_word' id='word_1_62' title='bbox 772 891 963 944; x_wconf 85' lang='lat' dir='ltr'><strong>cogebat</strong></span> <span class='ocrx_word' id='word_1_63' title='bbox 977 890 1121 933; x_wconf 86' lang='lat' dir='ltr'><strong>limite</strong></span> <span class='ocrx_word' id='word_1_64' title='bbox 1143 904 1283 933; x_wconf 88' lang='lat' dir='ltr'><strong>verno</strong></span> 
     </span>
    </p>
   </div>
   <div class='ocr_carea' id='block_1_6' title="bbox 252 999 1686 1045">
    <p class='ocr_par' dir='ltr' id='par_1_6' title="bbox 252 999 1686 1045">
     <span class='ocr_line' id='line_1_10' title="bbox 252 999 1686 1045; baseline 0.003 -14"><span class='ocrx_word' id='word_1_65' title='bbox 252 999 345 1031; x_wconf 81' lang='lat' dir='ltr'><strong>Anno</strong></span> <span class='ocrx_word' id='word_1_66' title='bbox 359 1000 456 1032; x_wconf 78' lang='lat' dir='ltr'><strong>tertio</strong></span> <span class='ocrx_word' id='word_1_67' title='bbox 471 999 526 1033; x_wconf 82' lang='lat' dir='ltr'><strong>Sol</strong></span> <span class='ocrx_word' id='word_1_68' title='bbox 540 1001 692 1033; x_wconf 84' lang='lat' dir='ltr'><strong>Favoniis</strong></span> <span class='ocrx_word' id='word_1_69' title='bbox 706 1001 847 1044; x_wconf 80' lang='lat' dir='ltr'><strong>hyemem</strong></span> <span class='ocrx_word' id='word_1_70' title='bbox 861 1003 1044 1043; x_wconf 84' lang='lat' dir='ltr'><strong>resolverat,</strong></span> <span class='ocrx_word' id='word_1_71' title='bbox 1066 1006 1097 1034; x_wconf 88' lang='lat' dir='ltr'><strong>et</strong></span> <span class='ocrx_word' id='word_1_72' title='bbox 1122 1012 1220 1035; x_wconf 82' lang='lat' dir='ltr'><strong>verna</strong></span> <span class='ocrx_word' id='word_1_73' title='bbox 1235 1004 1416 1045; x_wconf 69' lang='lat' dir='ltr'><strong>tempestate</strong></span> <span class='ocrx_word' id='word_1_74' title='bbox 1429 1001 1563 1042; x_wconf 74' lang='lat' dir='ltr'><strong>augebat</strong></span> <span class='ocrx_word' id='word_1_75' title='bbox 1577 1001 1686 1035; x_wconf 76' lang='lat' dir='ltr'><strong>breves</strong></span> 
     </span>
    </p>
   </div>
   <div class='ocr_carea' id='block_1_7' title="bbox 825 1085 1069 1099">
    <p class='ocr_par' dir='ltr' id='par_1_7' title="bbox 825 1085 1069 1099">
     <span class='ocr_line' id='line_1_11' title="bbox 825 1085 1069 1099; baseline 0 -1"><span class='ocrx_word' id='word_1_76' title='bbox 825 1085 1069 1099; x_wconf 59' lang='lat' dir='ltr'><strong>‘oeenooaeoaeo</strong></span> 
     </span>
    </p>
   </div>
   <div class='ocr_carea' id='block_1_8' title="bbox 212 1134 1686 1238">
    <p class='ocr_par' dir='ltr' id='par_1_8' title="bbox 212 1134 1686 1238">
     <span class='ocr_line' id='line_1_12' title="bbox 257 1134 1684 1196; baseline 0.004 -15"><span class='ocrx_word' id='word_1_77' title='bbox 257 1149 352 1182; x_wconf 84' lang='lat' dir='ltr'>Libri</span> <span class='ocrx_word' id='word_1_78' title='bbox 368 1134 469 1193; x_wconf 73' lang='lat' dir='ltr'><strong>hujus</strong></span> <span class='ocrx_word' id='word_1_79' title='bbox 493 1153 605 1194; x_wconf 83' lang='lat' dir='ltr'><strong>quarti</strong></span> <span class='ocrx_word' id='word_1_80' title='bbox 622 1151 873 1194; x_wconf 78' lang='lat' dir='ltr'><strong>Argumentum</strong></span> <span class='ocrx_word' id='word_1_81' title='bbox 890 1153 981 1196; x_wconf 88' lang='lat' dir='ltr'><strong>quod</strong></span> <span class='ocrx_word' id='word_1_82' title='bbox 999 1154 1155 1196; x_wconf 86' lang='lat' dir='ltr'><strong>sequitur</strong></span> <span class='ocrx_word' id='word_1_83' title='bbox 1182 1158 1322 1186; x_wconf 82' lang='lat' dir='ltr'><strong>servant</strong></span> <span class='ocrx_word' id='word_1_84' title='bbox 1350 1153 1417 1185; x_wconf 89' lang='lat' dir='ltr'><strong>dno</strong></span> <span class='ocrx_word' id='word_1_85' title='bbox 1440 1152 1564 1194; x_wconf 86' lang='lat' dir='ltr'><strong>optimi</strong></span> <span class='ocrx_word' id='word_1_86' title='bbox 1581 1153 1684 1186; x_wconf 83' lang='lat' dir='ltr'><strong>codd.</strong></span> 
     </span>
     <span class='ocr_line' id='line_1_13' title="bbox 212 1193 1686 1238; baseline 0.003 -15"><span class='ocrx_word' id='word_1_87' title='bbox 212 1193 405 1232; x_wconf 64' lang='lat' dir='ltr'><strong>Euthiam,</strong></span> <span class='ocrx_word' id='word_1_88' title='bbox 431 1199 575 1238; x_wconf 85' lang='lat' dir='ltr'><strong>uterque</strong></span> <span class='ocrx_word' id='word_1_89' title='bbox 602 1197 728 1228; x_wconf 78' lang='lat' dir='ltr'><strong>Beliot.</strong></span> <span class='ocrx_word' id='word_1_90' title='bbox 757 1197 838 1229; x_wconf 89' lang='lat' dir='ltr'><strong>Put.</strong></span> <span class='ocrx_word' id='word_1_91' title='bbox 865 1198 1028 1229; x_wconf 81' lang='lat' dir='ltr'><strong>Lactant.</strong></span> <span class='ocrx_word' id='word_1_92' title='bbox 1053 1198 1197 1230; x_wconf 87' lang='lat' dir='ltr'><strong>Venett.</strong></span> <span class='ocrx_word' id='word_1_93' title='bbox 1215 1200 1293 1230; x_wconf 62' lang='grc' dir='ltr'><strong>ΒΑ.</strong></span> <span class='ocrx_word' id='word_1_94' title='bbox 1325 1197 1425 1229; x_wconf 85' lang='lat' dir='ltr'><strong>Rom.</strong></span> <span class='ocrx_word' id='word_1_95' title='bbox 1452 1196 1686 1238; x_wconf 78' lang='lat' dir='ltr'><strong>Lindenbrog.</strong></span> 
     </span>
    </p>
   </div>
   <div class='ocr_carea' id='block_1_9' title="bbox 214 1236 503 1271">
    <p class='ocr_par' dir='ltr' id='par_1_9' title="bbox 214 1236 503 1271">
     <span class='ocr_line' id='line_1_14' title="bbox 214 1236 503 1271; baseline 0.01 -4"><span class='ocrx_word' id='word_1_96' title='bbox 214 1236 317 1269; x_wconf 83' lang='lat' dir='ltr'><strong>eruc.</strong></span> <span class='ocrx_word' id='word_1_97' title='bbox 333 1241 368 1269; x_wconf 88' lang='lat' dir='ltr'><strong>et</strong></span> <span class='ocrx_word' id='word_1_98' title='bbox 384 1238 503 1271; x_wconf 80' lang='lat' dir='ltr'>Barth.</span> 
     </span>
    </p>
   </div>
   <div class='ocr_carea' id='block_1_10' title="bbox 470 1279 1412 1796">
    <p class='ocr_par' dir='ltr' id='par_1_10' title="bbox 470 1279 1412 1796">
     <span class='ocr_line' id='line_1_15' title="bbox 471 1279 1210 1324; baseline 0.001 -11"><span class='ocrx_word' id='word_1_99' title='bbox 471 1282 554 1313; x_wconf 78' lang='lat' dir='ltr'><strong>Mox</strong></span> <span class='ocrx_word' id='word_1_100' title='bbox 566 1285 684 1323; x_wconf 78' lang='lat' dir='ltr'><strong>septem</strong></span> <span class='ocrx_word' id='word_1_101' title='bbox 700 1279 838 1314; x_wconf 85' lang='lat' dir='ltr'><strong>Bellona</strong></span> <span class='ocrx_word' id='word_1_102' title='bbox 852 1282 937 1315; x_wconf 82' lang='lat' dir='ltr'><strong>viros</strong></span> <span class='ocrx_word' id='word_1_103' title='bbox 952 1284 986 1315; x_wconf 85' lang='lat' dir='ltr'><strong>in</strong></span> <span class='ocrx_word' id='word_1_104' title='bbox 1000 1281 1110 1324; x_wconf 78' lang='lat' dir='ltr'><strong>praelia</strong></span> <span class='ocrx_word' id='word_1_105' title='bbox 1125 1281 1210 1323; x_wconf 74' lang='lat' dir='ltr'><strong>cogit</strong></span> 
     </span>
     <span class='ocr_line' id='line_1_16' title="bbox 471 1325 1295 1365; baseline 0.001 -9"><span class='ocrx_word' id='word_1_106' title='bbox 471 1325 603 1357; x_wconf 79' lang='lat' dir='ltr'><strong><em>Primus</em></strong></span> <span class='ocrx_word' id='word_1_107' title='bbox 619 1325 679 1356; x_wconf 80' lang='lat' dir='ltr'><strong>init</strong></span> <span class='ocrx_word' id='word_1_108' title='bbox 695 1325 806 1356; x_wconf 78' lang='lat' dir='ltr'><strong>bellum</strong></span> <span class='ocrx_word' id='word_1_109' title='bbox 823 1330 950 1358; x_wconf 84' lang='lat' dir='ltr'><strong>moestus</strong></span> <span class='ocrx_word' id='word_1_110' title='bbox 963 1327 1122 1365; x_wconf 75' lang='lat' dir='ltr'><strong>longoevus</strong></span> <span class='ocrx_word' id='word_1_111' title='bbox 1136 1326 1295 1357; x_wconf 68' lang='lat' dir='ltr'><strong>Adrastus</strong></span> 
     </span>
     <span class='ocr_line' id='line_1_17' title="bbox 472 1368 1274 1408; baseline 0.001 -9"><span class='ocrx_word' id='word_1_112' title='bbox 472 1368 567 1408; x_wconf 82' lang='lat' dir='ltr'><strong>Itque</strong></span> <span class='ocrx_word' id='word_1_113' title='bbox 581 1378 680 1408; x_wconf 83' lang='lat' dir='ltr'><strong>gener</strong></span> <span class='ocrx_word' id='word_1_114' title='bbox 685 1368 819 1407; x_wconf 80' lang='lat' dir='ltr'><strong>fulgens</strong></span> <span class='ocrx_word' id='word_1_115' title='bbox 832 1370 950 1408; x_wconf 79' lang='lat' dir='ltr'><strong>patriis</strong></span> <span class='ocrx_word' id='word_1_116' title='bbox 967 1369 1102 1400; x_wconf 81' lang='lat' dir='ltr'><strong>Dirceus</strong></span> <span class='ocrx_word' id='word_1_117' title='bbox 1116 1369 1151 1400; x_wconf 86' lang='lat' dir='ltr'><strong>in</strong></span> <span class='ocrx_word' id='word_1_118' title='bbox 1165 1369 1274 1406; x_wconf 67' lang='lat' dir='ltr'><strong>armis.</strong></span> 
     </span>
     <span class='ocr_line' id='line_1_18' title="bbox 475 1410 1262 1453; baseline 0.001 -12"><span class='ocrx_word' id='word_1_119' title='bbox 475 1411 555 1442; x_wconf 84' lang='lat' dir='ltr'><strong>Inde</strong></span> <span class='ocrx_word' id='word_1_120' title='bbox 564 1410 661 1448; x_wconf 79' lang='lat' dir='ltr'><strong>ferox</strong></span> <span class='ocrx_word' id='word_1_121' title='bbox 676 1411 775 1442; x_wconf 83' lang='lat' dir='ltr'><strong>animi</strong></span> <span class='ocrx_word' id='word_1_122' title='bbox 793 1411 993 1453; x_wconf 65' lang='lat' dir='ltr'><strong>Tydeu-§jum</strong></span> <span class='ocrx_word' id='word_1_123' title='bbox 1007 1411 1096 1443; x_wconf 80' lang='lat' dir='ltr'><strong>saevit</strong></span> <span class='ocrx_word' id='word_1_124' title='bbox 1111 1411 1146 1442; x_wconf 84' lang='lat' dir='ltr'><strong>in</strong></span> <span class='ocrx_word' id='word_1_125' title='bbox 1160 1411 1262 1444; x_wconf 75' lang='lat' dir='ltr'><strong>hostes</strong></span> 
     </span>
     <span class='ocr_line' id='line_1_19' title="bbox 471 1453 1412 1496; baseline 0 -11"><span class='ocrx_word' id='word_1_126' title='bbox 471 1454 662 1485; x_wconf 84' lang='lat' dir='ltr'><strong>Herculeam</strong></span> <span class='ocrx_word' id='word_1_127' title='bbox 678 1454 898 1495; x_wconf 79' lang='lat' dir='ltr'><strong>Hippomedon</strong></span> <span class='ocrx_word' id='word_1_128' title='bbox 913 1455 1023 1494; x_wconf 83' lang='lat' dir='ltr'><strong>pubem</strong></span> <span class='ocrx_word' id='word_1_129' title='bbox 1038 1457 1137 1486; x_wconf 78' lang='lat' dir='ltr'><strong>movet</strong></span> <span class='ocrx_word' id='word_1_130' title='bbox 1151 1454 1288 1496; x_wconf 69' lang='lat' dir='ltr'><strong>inclytus</strong></span> <span class='ocrx_word' id='word_1_131' title='bbox 1301 1453 1412 1494; x_wconf 74' lang='lat' dir='ltr'><strong>armis,</strong></span> 
     </span>
     <span class='ocr_line' id='line_1_20' title="bbox 470 1496 1261 1537; baseline 0 -9"><span class='ocrx_word' id='word_1_132' title='bbox 470 1497 517 1528; x_wconf 80' lang='lat' dir='ltr'><strong>Et</strong></span> <span class='ocrx_word' id='word_1_133' title='bbox 535 1497 700 1537; x_wconf 79' lang='lat' dir='ltr'><strong>Capaneus</strong></span> <span class='ocrx_word' id='word_1_134' title='bbox 715 1500 810 1528; x_wconf 76' lang='lat' dir='ltr'><strong>atrox</strong></span> <span class='ocrx_word' id='word_1_135' title='bbox 828 1497 949 1528; x_wconf 77' lang='lat' dir='ltr'><strong>Thebas</strong></span> <span class='ocrx_word' id='word_1_136' title='bbox 963 1498 1131 1529; x_wconf 84' lang='lat' dir='ltr'><strong>excendere</strong></span> <span class='ocrx_word' id='word_1_137' title='bbox 1145 1496 1261 1537; x_wconf 78' lang='lat' dir='ltr'><strong>quoerit</strong></span> 
     </span>
     <span class='ocr_line' id='line_1_21' title="bbox 470 1539 1308 1582; baseline 0.001 -12"><span class='ocrx_word' id='word_1_138' title='bbox 470 1539 701 1580; x_wconf 77' lang='lat' dir='ltr'><strong><em>Amphiaraum</em></strong></span> <span class='ocrx_word' id='word_1_139' title='bbox 715 1539 821 1580; x_wconf 78' lang='lat' dir='ltr'><em>prodit</em></span> <span class='ocrx_word' id='word_1_140' title='bbox 836 1540 964 1579; x_wconf 80' lang='lat' dir='ltr'><strong>conjux,</strong></span> <span class='ocrx_word' id='word_1_141' title='bbox 978 1539 1050 1579; x_wconf 77' lang='lat' dir='ltr'><strong>jam</strong></span> <span class='ocrx_word' id='word_1_142' title='bbox 1059 1540 1181 1582; x_wconf 75' lang='lat' dir='ltr'><strong>perfida</strong></span> <span class='ocrx_word' id='word_1_143' title='bbox 1194 1543 1308 1571; x_wconf 71' lang='lat' dir='ltr'><strong>vatem.</strong></span> 
     </span>
     <span class='ocr_line' id='line_1_22' title="bbox 473 1581 1272 1624; baseline 0 -10"><span class='ocrx_word' id='word_1_144' title='bbox 473 1582 712 1624; x_wconf 74' lang='lat' dir='ltr'><strong>Parthenopeus</strong></span> <span class='ocrx_word' id='word_1_145' title='bbox 727 1581 788 1614; x_wconf 76' lang='lat' dir='ltr'><strong>init</strong></span> <span class='ocrx_word' id='word_1_146' title='bbox 801 1582 925 1622; x_wconf 79' lang='lat' dir='ltr'><strong>trepida</strong></span> <span class='ocrx_word' id='word_1_147' title='bbox 937 1583 1094 1622; x_wconf 76' lang='lat' dir='ltr'><strong>genitrice</strong></span> <span class='ocrx_word' id='word_1_148' title='bbox 1109 1582 1272 1623; x_wconf 78' lang='lat' dir='ltr'><em>maniplos.</em></span> 
     </span>
     <span class='ocr_line' id='line_1_23' title="bbox 471 1624 1254 1657; baseline -0.001 0"><span class='ocrx_word' id='word_1_149' title='bbox 471 1624 520 1657; x_wconf 76' lang='lat' dir='ltr'><strong>At</strong></span> <span class='ocrx_word' id='word_1_150' title='bbox 535 1629 646 1657; x_wconf 83' lang='lat' dir='ltr'><strong>contra</strong></span> <span class='ocrx_word' id='word_1_151' title='bbox 664 1626 807 1657; x_wconf 80' lang='lat' dir='ltr'><strong>Eteocles</strong></span> <span class='ocrx_word' id='word_1_152' title='bbox 821 1626 979 1657; x_wconf 80' lang='lat' dir='ltr'><strong>Thebanos</strong></span> <span class='ocrx_word' id='word_1_153' title='bbox 995 1625 1126 1657; x_wconf 67' lang='lat' dir='ltr'><strong>instruit</strong></span> <span class='ocrx_word' id='word_1_154' title='bbox 1141 1635 1254 1657; x_wconf 87' lang='lat' dir='ltr'><strong>omnes.</strong></span> 
     </span>
     <span class='ocr_line' id='line_1_24' title="bbox 474 1668 1228 1707; baseline 0.001 -8"><span class='ocrx_word' id='word_1_155' title='bbox 474 1669 544 1700; x_wconf 86' lang='lat' dir='ltr'><strong>Nec</strong></span> <span class='ocrx_word' id='word_1_156' title='bbox 556 1679 617 1700; x_wconf 87' lang='lat' dir='ltr'><strong>non</strong></span> <span class='ocrx_word' id='word_1_157' title='bbox 634 1669 772 1700; x_wconf 75' lang='lat' dir='ltr'><strong>Tiresias</strong></span> <span class='ocrx_word' id='word_1_158' title='bbox 788 1668 929 1707; x_wconf 81' lang='lat' dir='ltr'><strong>infernas</strong></span> <span class='ocrx_word' id='word_1_159' title='bbox 944 1668 1081 1700; x_wconf 80' lang='lat' dir='ltr'><strong>consulit</strong></span> <span class='ocrx_word' id='word_1_160' title='bbox 1091 1668 1228 1700; x_wconf 80' lang='lat' dir='ltr'><strong>umbras.</strong></span> 
     </span>
     <span class='ocr_line' id='line_1_25' title="bbox 471 1711 1254 1752; baseline 0 -9"><span class='ocrx_word' id='word_1_161' title='bbox 471 1711 664 1752; x_wconf 78' lang='lat' dir='ltr'><strong>Argivisque</strong></span> <span class='ocrx_word' id='word_1_162' title='bbox 679 1711 768 1743; x_wconf 78' lang='lat' dir='ltr'><strong>sitim</strong></span> <span class='ocrx_word' id='word_1_163' title='bbox 784 1712 931 1743; x_wconf 79' lang='lat' dir='ltr'><strong>Bacchus</strong></span> <span class='ocrx_word' id='word_1_164' title='bbox 946 1712 1085 1748; x_wconf 77' lang='lat' dir='ltr'><strong>molitur,</strong></span> <span class='ocrx_word' id='word_1_165' title='bbox 1101 1714 1132 1743; x_wconf 77' lang='lat' dir='ltr'><strong>et</strong></span> <span class='ocrx_word' id='word_1_166' title='bbox 1144 1714 1254 1743; x_wconf 77' lang='lat' dir='ltr'><strong>aestus.</strong></span> 
     </span>
     <span class='ocr_line' id='line_1_26' title="bbox 473 1754 1294 1796; baseline 0 -11"><span class='ocrx_word' id='word_1_167' title='bbox 473 1754 653 1796; x_wconf 78' lang='lat' dir='ltr'><strong>Hypsipyle</strong></span> <span class='ocrx_word' id='word_1_168' title='bbox 669 1758 823 1786; x_wconf 79' lang='lat' dir='ltr'><strong>monstrat</strong></span> <span class='ocrx_word' id='word_1_169' title='bbox 839 1755 982 1796; x_wconf 80' lang='lat' dir='ltr'><strong>lymphas</strong></span> <span class='ocrx_word' id='word_1_170' title='bbox 996 1754 1120 1794; x_wconf 75' lang='lat' dir='ltr'><strong>Langia</strong></span> <span class='ocrx_word' id='word_1_171' title='bbox 1131 1763 1294 1795; x_wconf 83' lang='lat' dir='ltr'><strong>perennes.</strong></span> 
     </span>
    </p>
   </div>
   <div class='ocr_carea' id='block_1_11' title="bbox 195 1806 1684 2151">
    <p class='ocr_par' dir='ltr' id='par_1_11' title="bbox 195 1806 1684 2106">
     <span class='ocr_line' id='line_1_27' title="bbox 195 1806 1682 1850; baseline -0.001 -8"><span class='ocrx_word' id='word_1_172' title='bbox 195 1838 198 1842; x_wconf 79' lang='grc'><strong><em>,</em></strong></span> <span class='ocrx_word' id='word_1_173' title='bbox 213 1809 323 1842; x_wconf 84' lang='lat' dir='ltr'><strong>Versu</strong></span> <span class='ocrx_word' id='word_1_174' title='bbox 341 1812 373 1841; x_wconf 83' lang='lat'><strong>3.</strong></span> <span class='ocrx_word' id='word_1_175' title='bbox 399 1818 462 1850; x_wconf 83' lang='lat' dir='ltr'><strong>pro</strong></span> <span class='ocrx_word' id='word_1_176' title='bbox 478 1808 512 1839; x_wconf 81' lang='lat' dir='ltr'><strong>in</strong></span> <span class='ocrx_word' id='word_1_177' title='bbox 527 1809 640 1846; x_wconf 78' lang='lat' dir='ltr'><strong>armis,</strong></span> <span class='ocrx_word' id='word_1_178' title='bbox 657 1818 742 1840; x_wconf 89' lang='lat' dir='ltr'><strong>unus</strong></span> <span class='ocrx_word' id='word_1_179' title='bbox 759 1809 884 1840; x_wconf 85' lang='lat' dir='ltr'><strong>Bebot.</strong></span> <span class='ocrx_word' id='word_1_180' title='bbox 900 1813 937 1840; x_wconf 89' lang='lat' dir='ltr'><strong>et</strong></span> <span class='ocrx_word' id='word_1_181' title='bbox 953 1808 1063 1840; x_wconf 84' lang='lat' dir='ltr'><strong>codex</strong></span> <span class='ocrx_word' id='word_1_182' title='bbox 1080 1808 1203 1839; x_wconf 84' lang='lat' dir='ltr'><strong>Barth.</strong></span> <span class='ocrx_word' id='word_1_183' title='bbox 1219 1807 1347 1839; x_wconf 82' lang='lat' dir='ltr'><strong>habent</strong></span> <span class='ocrx_word' id='word_1_184' title='bbox 1366 1806 1406 1839; x_wconf 78' lang='lat' dir='ltr'><strong>ab</strong></span> <span class='ocrx_word' id='word_1_185' title='bbox 1420 1809 1529 1841; x_wconf 74' lang='lat' dir='ltr'><strong>‹nr-mis.</strong></span> <span class='ocrx_word' id='word_1_186' title='bbox 1572 1808 1634 1841; x_wconf 84' lang='lat' dir='ltr'><strong>Vs.</strong></span> <span class='ocrx_word' id='word_1_187' title='bbox 1648 1810 1682 1840; x_wconf 84' lang='grc'><strong>7.</strong></span> 
     </span>
     <span class='ocr_line' id='line_1_28' title="bbox 211 1850 1683 1894; baseline -0.001 -10"><span class='ocrx_word' id='word_1_188' title='bbox 211 1852 422 1894; x_wconf 77' lang='lat' dir='ltr'><strong>Amphiarum</strong></span> <span class='ocrx_word' id='word_1_189' title='bbox 439 1861 524 1883; x_wconf 89' lang='lat' dir='ltr'><strong>unus</strong></span> <span class='ocrx_word' id='word_1_190' title='bbox 541 1851 763 1883; x_wconf 85' lang='lat' dir='ltr'><strong>Barthianus.</strong></span> <span class='ocrx_word' id='word_1_191' title='bbox 810 1852 871 1883; x_wconf 86' lang='lat' dir='ltr'><strong>Vs.</strong></span> <span class='ocrx_word' id='word_1_192' title='bbox 887 1854 920 1884; x_wconf 90' lang='lat'><strong>8.</strong></span> <span class='ocrx_word' id='word_1_193' title='bbox 943 1852 1163 1892; x_wconf 62' lang='lat' dir='ltr'><strong>Par-conopas</strong></span> <span class='ocrx_word' id='word_1_194' title='bbox 1178 1860 1264 1881; x_wconf 81' lang='lat' dir='ltr'><strong>unus</strong></span> <span class='ocrx_word' id='word_1_195' title='bbox 1282 1850 1407 1882; x_wconf 88' lang='lat' dir='ltr'><strong>Behot.</strong></span> <span class='ocrx_word' id='word_1_196' title='bbox 1453 1851 1516 1883; x_wconf 90' lang='lat' dir='ltr'><strong>Vs.</strong></span> <span class='ocrx_word' id='word_1_197' title='bbox 1531 1853 1563 1882; x_wconf 84' lang='lat'><strong>9.</strong></span> <span class='ocrx_word' id='word_1_198' title='bbox 1585 1851 1683 1883; x_wconf 75' lang='lat' dir='ltr'><strong>Ethi-</strong></span> 
     </span>
     <span class='ocr_line' id='line_1_29' title="bbox 213 1892 1683 1935; baseline 0 -10"><span class='ocrx_word' id='word_1_199' title='bbox 213 1896 292 1927; x_wconf 81' lang='lat' dir='ltr'><strong>ocles</strong></span> <span class='ocrx_word' id='word_1_200' title='bbox 307 1895 396 1927; x_wconf 89' lang='lat' dir='ltr'><strong>idem</strong></span> <span class='ocrx_word' id='word_1_201' title='bbox 414 1894 536 1927; x_wconf 88' lang='lat' dir='ltr'><strong>codex.</strong></span> <span class='ocrx_word' id='word_1_202' title='bbox 561 1894 691 1925; x_wconf 75' lang='lat' dir='ltr'><strong>instruit</strong></span> <span class='ocrx_word' id='word_1_203' title='bbox 706 1897 741 1926; x_wconf 81' lang='lat' dir='ltr'><strong>ut</strong></span> <span class='ocrx_word' id='word_1_204' title='bbox 760 1894 830 1926; x_wconf 84' lang='lat' dir='ltr'><strong>Rex</strong></span> <span class='ocrx_word' id='word_1_205' title='bbox 845 1894 985 1935; x_wconf 84' lang='lat' dir='ltr'><strong>optimae</strong></span> <span class='ocrx_word' id='word_1_206' title='bbox 997 1893 1131 1925; x_wconf 73' lang='lat' dir='ltr'><strong>Bau-thil</strong></span> <span class='ocrx_word' id='word_1_207' title='bbox 1146 1893 1366 1925; x_wconf 83' lang='lat' dir='ltr'><strong>membranae.</strong></span> <span class='ocrx_word' id='word_1_208' title='bbox 1409 1892 1472 1926; x_wconf 84' lang='lat' dir='ltr'><strong>Vs.</strong></span> <span class='ocrx_word' id='word_1_209' title='bbox 1488 1895 1541 1927; x_wconf 88' lang='grc'>10.</span> <span class='ocrx_word' id='word_1_210' title='bbox 1566 1894 1683 1925; x_wconf 79' lang='lat' dir='ltr'><strong>There-</strong></span> 
     </span>
     <span class='ocr_line' id='line_1_30' title="bbox 215 1935 1681 1979; baseline -0.002 -9"><span class='ocrx_word' id='word_1_211' title='bbox 215 1938 281 1970; x_wconf 78' lang='lat' dir='ltr'><strong>sias</strong></span> <span class='ocrx_word' id='word_1_212' title='bbox 297 1948 382 1970; x_wconf 88' lang='lat' dir='ltr'><strong>unus</strong></span> <span class='ocrx_word' id='word_1_213' title='bbox 399 1938 524 1969; x_wconf 85' lang='lat' dir='ltr'><strong>Behot.</strong></span> <span class='ocrx_word' id='word_1_214' title='bbox 572 1937 720 1979; x_wconf 81' lang='lat' dir='ltr'><strong>Tyresias</strong></span> <span class='ocrx_word' id='word_1_215' title='bbox 735 1937 824 1968; x_wconf 76' lang='lat' dir='ltr'><strong>atter</strong></span> <span class='ocrx_word' id='word_1_216' title='bbox 842 1937 966 1968; x_wconf 87' lang='lat' dir='ltr'><strong>Behot.</strong></span> <span class='ocrx_word' id='word_1_217' title='bbox 1011 1937 1070 1968; x_wconf 83' lang='lat' dir='ltr'><strong>Vs.</strong></span> <span class='ocrx_word' id='word_1_218' title='bbox 1088 1939 1141 1968; x_wconf 94' lang='grc'><strong>11.</strong></span> <span class='ocrx_word' id='word_1_219' title='bbox 1159 1939 1211 1968; x_wconf 86' lang='grc'><strong>12.</strong></span> <span class='ocrx_word' id='word_1_220' title='bbox 1234 1936 1244 1953; x_wconf 90' lang='lat'><strong>‘</strong></span> <span class='ocrx_word' id='word_1_221' title='bbox 1258 1935 1327 1967; x_wconf 89' lang='lat' dir='ltr'><strong>Hic</strong></span> <span class='ocrx_word' id='word_1_222' title='bbox 1353 1937 1595 1968; x_wconf 65' lang='lat' dir='ltr'><strong>contaminatae</strong></span> <span class='ocrx_word' id='word_1_223' title='bbox 1611 1945 1681 1968; x_wconf 85' lang='lat' dir='ltr'><strong>res.</strong></span> 
     </span>
     <span class='ocr_line' id='line_1_31' title="bbox 212 1979 1684 2021; baseline -0.002 -8"><span class='ocrx_word' id='word_1_224' title='bbox 212 1980 334 2013; x_wconf 79' lang='lat' dir='ltr'><strong>Scribe</strong></span> <span class='ocrx_word' id='word_1_225' title='bbox 351 1990 428 2012; x_wconf 89' lang='lat' dir='ltr'><strong>cum</strong></span> <span class='ocrx_word' id='word_1_226' title='bbox 453 1980 687 2021; x_wconf 82' lang='lat' dir='ltr'><strong>manuscripto</strong></span> <span class='ocrx_word' id='word_1_227' title='bbox 703 1991 711 2012; x_wconf 91' lang='lat'>:</span> <span class='ocrx_word' id='word_1_228' title='bbox 735 1980 928 2020; x_wconf 65' lang='lat' dir='ltr'><strong>Argivi-sque</strong></span> <span class='ocrx_word' id='word_1_229' title='bbox 943 1979 1031 2011; x_wconf 81' lang='lat' dir='ltr'><strong>sitim</strong></span> <span class='ocrx_word' id='word_1_230' title='bbox 1046 1979 1192 2011; x_wconf 80' lang='lat' dir='ltr'><strong>Bacchus</strong></span> <span class='ocrx_word' id='word_1_231' title='bbox 1206 1979 1358 2015; x_wconf 77' lang='lat' dir='ltr'><strong>molitur,-</strong></span> <span class='ocrx_word' id='word_1_232' title='bbox 1379 1980 1420 2010; x_wconf 78' lang='lat' dir='ltr'><strong>ad</strong></span> <span class='ocrx_word' id='word_1_233' title='bbox 1435 1981 1544 2010; x_wconf 75' lang='lat' dir='ltr'><strong>oestum</strong></span> <span class='ocrx_word' id='word_1_234' title='bbox 1561 1979 1684 2020; x_wconf 75' lang='lat' dir='ltr'><strong>Hypsi-</strong></span> 
     </span>
     <span class='ocr_line' id='line_1_32' title="bbox 210 2021 1681 2106; baseline -0.002 -8"><span class='ocrx_word' id='word_1_235' title='bbox 210 2023 581 2098; x_wconf 48' lang='grc' dir='ltr'><strong>ῧιωςζ-’ἼῖἔῗέΜἚὲἰζὲῗ</strong></span> <span class='ocrx_word' id='word_1_236' title='bbox 595 2022 722 2098; x_wconf 54' lang='lat' dir='ltr'><strong>¹⁵2“”⁶i1i“</strong></span> <span class='ocrx_word' id='word_1_237' title='bbox 730 2021 1681 2106; x_wconf 45' lang='lat' dir='ltr'><strong>&amp;2375ssBss‘;2;.‚{332¹?‘sssiffsgz‘sszz‘ssm12sa‘3ffl’</strong></span> 
     </span>
    </p>

    <p class='ocr_par' dir='ltr' id='par_1_12' title="bbox 252 2075 1680 2151">
     <span class='ocr_line' id='line_1_33' title="bbox 252 2075 1680 2151; baseline -0.001 -10"><span class='ocrx_word' id='word_1_238' title='bbox 252 2077 293 2141; x_wconf 55' lang='lat' dir='ltr'><strong>{p</strong></span> <span class='ocrx_word' id='word_1_239' title='bbox 302 2076 383 2143; x_wconf 46' lang='lat' dir='ltr'><strong>lpm·</strong></span> <span class='ocrx_word' id='word_1_240' title='bbox 400 2090 500 2142; x_wconf 65' lang='lat' dir='ltr'><strong>limite</strong></span> <span class='ocrx_word' id='word_1_241' title='bbox 516 2076 728 2143; x_wconf 42' lang='lat' dir='ltr'><strong>verdun—3</strong></span> <span class='ocrx_word' id='word_1_242' title='bbox 743 2075 836 2142; x_wconf 52' lang='lat' dir='ltr'><strong>gan.</strong></span> <span class='ocrx_word' id='word_1_243' title='bbox 852 2087 1026 2142; x_wconf 56' lang='lat' dir='ltr'><strong>miserandi</strong></span> <span class='ocrx_word' id='word_1_244' title='bbox 1039 2108 1127 2151; x_wconf 69' lang='lat' dir='ltr'><strong>copia</strong></span> <span class='ocrx_word' id='word_1_245' title='bbox 1139 2088 1164 2147; x_wconf 60' lang='lat'><strong>;&#39;</strong></span> <span class='ocrx_word' id='word_1_246' title='bbox 1177 2087 1321 2150; x_wconf 74' lang='lat' dir='ltr'><strong>uterque</strong></span> <span class='ocrx_word' id='word_1_247' title='bbox 1334 2087 1459 2140; x_wconf 59' lang='lat' dir='ltr'><strong>liehot.</strong></span> <span class='ocrx_word' id='word_1_248' title='bbox 1481 2107 1591 2140; x_wconf 79' lang='lat' dir='ltr'><strong>miseri</strong></span> <span class='ocrx_word' id='word_1_249' title='bbox 1603 2107 1680 2140; x_wconf 76' lang='lat' dir='ltr'><strong>deta</strong></span> 
     </span>
    </p>
   </div>
   <div class='ocr_carea' id='block_1_12' title="bbox 880 2205 1023 2239">
    <p class='ocr_par' dir='ltr' id='par_1_13' title="bbox 880 2205 1023 2239">
     <span class='ocr_line' id='line_1_34' title="bbox 880 2205 1023 2239; baseline 0.007 -1"><span class='ocrx_word' id='word_1_250' title='bbox 880 2205 1023 2239; x_wconf 79' lang='lat' dir='ltr'>NOTAE</span> 
     </span>
    </p>
   </div>
   <div class='ocr_carea' id='block_1_13' title="bbox 209 2270 921 2814">
    <p class='ocr_par' dir='ltr' id='par_1_14' title="bbox 209 2270 921 2667">
     <span class='ocr_line' id='line_1_35' title="bbox 257 2270 920 2315; baseline -0.002 -12"><span class='ocrx_word' id='word_1_251' title='bbox 257 2274 274 2303; x_wconf 92' lang='lat'>1</span> <span class='ocrx_word' id='word_1_252' title='bbox 300 2270 472 2315; x_wconf 79' lang='lat' dir='ltr'><strong>Zephyris]</strong></span> <span class='ocrx_word' id='word_1_253' title='bbox 503 2270 657 2313; x_wconf 81' lang='lat' dir='ltr'><strong>Zephyri</strong></span> <span class='ocrx_word' id='word_1_254' title='bbox 680 2270 828 2311; x_wconf 67' lang='lat' dir='ltr'><strong>Graecis,</strong></span> <span class='ocrx_word' id='word_1_255' title='bbox 855 2270 920 2303; x_wconf 78' lang='lat' dir='ltr'><strong>Fa-</strong></span> 
     </span>
     <span class='ocr_line' id='line_1_36' title="bbox 211 2320 919 2363; baseline -0.006 -7"><span class='ocrx_word' id='word_1_256' title='bbox 211 2323 304 2356; x_wconf 88' lang='lat' dir='ltr'><strong>vonii</strong></span> <span class='ocrx_word' id='word_1_257' title='bbox 321 2324 467 2363; x_wconf 86' lang='lat' dir='ltr'><strong>Latinis,</strong></span> <span class='ocrx_word' id='word_1_258' title='bbox 492 2331 576 2355; x_wconf 80' lang='lat' dir='ltr'><strong>vere</strong></span> <span class='ocrx_word' id='word_1_259' title='bbox 603 2322 746 2353; x_wconf 83' lang='lat' dir='ltr'><strong>ineunte</strong></span> <span class='ocrx_word' id='word_1_260' title='bbox 763 2320 852 2353; x_wconf 84' lang='lat' dir='ltr'><strong>flare</strong></span> <span class='ocrx_word' id='word_1_261' title='bbox 869 2321 919 2353; x_wconf 88' lang='lat' dir='ltr'><strong>in-</strong></span> 
     </span>
     <span class='ocr_line' id='line_1_37' title="bbox 210 2371 921 2416; baseline -0.006 -9"><span class='ocrx_word' id='word_1_262' title='bbox 210 2374 357 2416; x_wconf 89' lang='lat' dir='ltr'><strong>cipiunt.</strong></span> <span class='ocrx_word' id='word_1_263' title='bbox 380 2373 578 2414; x_wconf 78' lang='lat' dir='ltr'><strong>Laxaverat]</strong></span> <span class='ocrx_word' id='word_1_264' title='bbox 590 2373 659 2404; x_wconf 90' lang='lat' dir='ltr'><strong>Seu</strong></span> <span class='ocrx_word' id='word_1_265' title='bbox 675 2371 766 2414; x_wconf 89' lang='lat' dir='ltr'><strong>qnod</strong></span> <span class='ocrx_word' id='word_1_266' title='bbox 782 2381 823 2404; x_wconf 88' lang='lat' dir='ltr'><strong>eo</strong></span> <span class='ocrx_word' id='word_1_267' title='bbox 835 2376 921 2404; x_wconf 85' lang='lat' dir='ltr'><strong>tem·</strong></span> 
     </span>
     <span class='ocr_line' id='line_1_38' title="bbox 210 2423 918 2468; baseline -0.004 -11"><span class='ocrx_word' id='word_1_268' title='bbox 210 2435 297 2468; x_wconf 85' lang='lat' dir='ltr'><strong>pore</strong></span> <span class='ocrx_word' id='word_1_269' title='bbox 315 2429 386 2457; x_wconf 88' lang='lat' dir='ltr'><strong>tum</strong></span> <span class='ocrx_word' id='word_1_270' title='bbox 413 2424 526 2464; x_wconf 86' lang='lat' dir='ltr'><strong>nives,</strong></span> <span class='ocrx_word' id='word_1_271' title='bbox 550 2427 622 2456; x_wconf 89' lang='lat' dir='ltr'><strong>tum</strong></span> <span class='ocrx_word' id='word_1_272' title='bbox 640 2423 768 2464; x_wconf 83' lang='lat' dir='ltr'><strong>glacies</strong></span> <span class='ocrx_word' id='word_1_273' title='bbox 785 2423 918 2454; x_wconf 84' lang='lat' dir='ltr'><strong>solvan-</strong></span> 
     </span>
     <span class='ocr_line' id='line_1_39' title="bbox 209 2474 920 2517; baseline -0.006 -7"><span class='ocrx_word' id='word_1_274' title='bbox 209 2483 280 2514; x_wconf 84' lang='lat' dir='ltr'><strong>tur,</strong></span> <span class='ocrx_word' id='word_1_275' title='bbox 308 2481 346 2509; x_wconf 91' lang='lat' dir='ltr'><strong>et</strong></span> <span class='ocrx_word' id='word_1_276' title='bbox 373 2476 551 2517; x_wconf 84' lang='lat' dir='ltr'><strong>‘algentes</strong></span> <span class='ocrx_word' id='word_1_277' title='bbox 576 2475 736 2506; x_wconf 79' lang='lat' dir='ltr'><strong>laxentur</strong></span> <span class='ocrx_word' id='word_1_278' title='bbox 751 2474 823 2506; x_wconf 88' lang='lat' dir='ltr'><strong>sole</strong></span> <span class='ocrx_word' id='word_1_279' title='bbox 839 2483 920 2515; x_wconf 83' lang='lat' dir='ltr'><strong>pru-</strong></span> 
     </span>
     <span class='ocr_line' id='line_1_40' title="bbox 209 2525 918 2565; baseline -0.007 -5"><span class='ocrx_word' id='word_1_280' title='bbox 209 2527 301 2560; x_wconf 63' lang='grc'>10013</span> <span class='ocrx_word' id='word_1_281' title='bbox 347 2526 440 2560; x_wconf 82' lang='lat' dir='ltr'><strong>Quin</strong></span> <span class='ocrx_word' id='word_1_282' title='bbox 461 2526 565 2558; x_wconf 85' lang='lat' dir='ltr'><strong>etiam</strong></span> <span class='ocrx_word' id='word_1_283' title='bbox 594 2529 633 2557; x_wconf 90' lang='lat' dir='ltr'><strong>ut</strong></span> <span class='ocrx_word' id='word_1_284' title='bbox 647 2525 823 2565; x_wconf 78' lang='lat' dir='ltr'><strong>virgilius,</strong></span> <span class='ocrx_word' id='word_1_285' title='bbox 846 2525 918 2556; x_wconf 82' lang='lat' dir='ltr'><strong>ait:</strong></span> 
     </span>
     <span class='ocr_line' id='line_1_41' title="bbox 209 2573 920 2620; baseline -0.004 -9"><span class='ocrx_word' id='word_1_286' title='bbox 209 2578 397 2620; x_wconf 85' lang='lat' dir='ltr'><strong>‘Zephyro</strong></span> <span class='ocrx_word' id='word_1_287' title='bbox 419 2576 531 2619; x_wconf 82' lang='lat' dir='ltr'><strong>putris</strong></span> <span class='ocrx_word' id='word_1_288' title='bbox 559 2585 595 2606; x_wconf 79' lang='lat' dir='ltr'><strong>se</strong></span> <span class='ocrx_word' id='word_1_289' title='bbox 622 2575 724 2616; x_wconf 86' lang='lat' dir='ltr'><strong>gleba</strong></span> <span class='ocrx_word' id='word_1_290' title='bbox 753 2573 920 2608; x_wconf 84' lang='lat' dir='ltr'><strong>resolvit.’</strong></span> 
     </span>
     <span class='ocr_line' id='line_1_42' title="bbox 213 2626 763 2667; baseline -0.005 -6"><span class='ocrx_word' id='word_1_291' title='bbox 213 2629 408 2661; x_wconf 82' lang='lat' dir='ltr'><strong>Horrentem</strong></span> <span class='ocrx_word' id='word_1_292' title='bbox 422 2626 553 2667; x_wconf 86' lang='lat' dir='ltr'><strong>annum]</strong></span> <span class='ocrx_word' id='word_1_293' title='bbox 578 2626 763 2667; x_wconf 83' lang='lat' dir='ltr'><strong>Hyemem.</strong></span> 
     </span>
    </p>

    <p class='ocr_par' dir='ltr' id='par_1_15' title="bbox 210 2674 919 2814">
     <span class='ocr_line' id='line_1_43' title="bbox 252 2674 919 2718; baseline -0.006 -7"><span class='ocrx_word' id='word_1_294' title='bbox 252 2682 274 2711; x_wconf 84' lang='lat'><strong>2</strong></span> <span class='ocrx_word' id='word_1_295' title='bbox 301 2677 450 2718; x_wconf 80' lang='lat' dir='ltr'><strong>Phoebus]</strong></span> <span class='ocrx_word' id='word_1_296' title='bbox 473 2677 514 2710; x_wconf 87' lang='lat' dir='ltr'><strong>Id</strong></span> <span class='ocrx_word' id='word_1_297' title='bbox 531 2682 600 2714; x_wconf 84' lang='lat' dir='ltr'><strong>est,</strong></span> <span class='ocrx_word' id='word_1_298' title='bbox 615 2685 735 2717; x_wconf 76' lang='lat' dir='ltr'><strong>annus,</strong></span> <span class='ocrx_word' id='word_1_299' title='bbox 751 2674 844 2718; x_wconf 88' lang='lat' dir='ltr'><strong>qnod</strong></span> <span class='ocrx_word' id='word_1_300' title='bbox 860 2675 919 2708; x_wconf 92' lang='lat' dir='ltr'><strong>Sol</strong></span> 
     </span>
     <span class='ocr_line' id='line_1_44' title="bbox 210 2726 918 2770; baseline -0.006 -8"><span class='ocrx_word' id='word_1_301' title='bbox 210 2734 306 2763; x_wconf 81' lang='lat' dir='ltr'><strong>motu</strong></span> <span class='ocrx_word' id='word_1_302' title='bbox 331 2739 395 2762; x_wconf 84' lang='lat' dir='ltr'><strong>suo</strong></span> <span class='ocrx_word' id='word_1_303' title='bbox 420 2739 484 2770; x_wconf 84' lang='lat' dir='ltr'><strong>per</strong></span> <span class='ocrx_word' id='word_1_304' title='bbox 506 2728 693 2761; x_wconf 81' lang='lat' dir='ltr'><strong>zodiacum</strong></span> <span class='ocrx_word' id='word_1_305' title='bbox 709 2737 835 2759; x_wconf 82' lang='lat' dir='ltr'><strong>annum</strong></span> <span class='ocrx_word' id='word_1_306' title='bbox 858 2726 918 2758; x_wconf 81' lang='lat' dir='ltr'><strong>de-</strong></span> 
     </span>
     <span class='ocr_line' id='line_1_45' title="bbox 210 2777 919 2814; baseline -0.007 0"><span class='ocrx_word' id='word_1_307' title='bbox 210 2780 350 2814; x_wconf 64' lang='lat' dir='ltr'><strong>scribat·</strong></span> <span class='ocrx_word' id='word_1_308' title='bbox 394 2779 532 2812; x_wconf 82' lang='lat' dir='ltr'><strong>Tertius</strong></span> <span class='ocrx_word' id='word_1_309' title='bbox 559 2782 674 2812; x_wconf 80' lang='lat' dir='ltr'><strong>autem</strong></span> <span class='ocrx_word' id='word_1_310' title='bbox 700 2787 810 2811; x_wconf 72' lang='lat' dir='ltr'><strong>annus</strong></span> <span class='ocrx_word' id='word_1_311' title='bbox 837 2777 919 2810; x_wconf 88' lang='lat' dir='ltr'><strong>inci-</strong></span> 
     </span>
    </p>
   </div>
   <div class='ocr_carea' id='block_1_14' title="bbox 972 2268 1682 2817">
    <p class='ocr_par' dir='ltr' id='par_1_16' title="bbox 972 2268 1682 2817">
     <span class='ocr_line' id='line_1_46' title="bbox 975 2268 1682 2314; baseline -0.001 -10"><span class='ocrx_word' id='word_1_312' title='bbox 975 2271 1109 2314; x_wconf 78' lang='lat' dir='ltr'><strong>piebat,</strong></span> <span class='ocrx_word' id='word_1_313' title='bbox 1152 2280 1196 2304; x_wconf 88' lang='lat' dir='ltr'><strong>ex</strong></span> <span class='ocrx_word' id='word_1_314' title='bbox 1233 2280 1299 2314; x_wconf 89' lang='lat' dir='ltr'><strong>quo</strong></span> <span class='ocrx_word' id='word_1_315' title='bbox 1335 2268 1522 2312; x_wconf 80' lang='lat' dir='ltr'><strong>Polynices</strong></span> <span class='ocrx_word' id='word_1_316' title='bbox 1555 2269 1682 2303; x_wconf 83' lang='lat' dir='ltr'><strong>Thebis</strong></span> 
     </span>
     <span class='ocr_line' id='line_1_47' title="bbox 975 2320 1682 2364; baseline 0.001 -11"><span class='ocrx_word' id='word_1_317' title='bbox 975 2321 1198 2355; x_wconf 78' lang='lat' dir='ltr'><strong>discesserat.</strong></span> <span class='ocrx_word' id='word_1_318' title='bbox 1241 2322 1390 2358; x_wconf 84' lang='lat' dir='ltr'><strong>Primus,</strong></span> <span class='ocrx_word' id='word_1_319' title='bbox 1424 2331 1492 2364; x_wconf 80' lang='lat' dir='ltr'><strong>qno</strong></span> <span class='ocrx_word' id='word_1_320' title='bbox 1521 2320 1682 2363; x_wconf 78' lang='lat' dir='ltr'><strong>regnavit</strong></span> 
     </span>
     <span class='ocr_line' id='line_1_48' title="bbox 976 2370 1680 2413; baseline 0 -9"><span class='ocrx_word' id='word_1_321' title='bbox 976 2372 1151 2413; x_wconf 85' lang='lat' dir='ltr'><strong>Eteocles,</strong></span> <span class='ocrx_word' id='word_1_322' title='bbox 1164 2375 1200 2404; x_wconf 88' lang='lat' dir='ltr'><strong>et</strong></span> <span class='ocrx_word' id='word_1_323' title='bbox 1214 2371 1401 2413; x_wconf 85' lang='lat' dir='ltr'><strong>Polynices</strong></span> <span class='ocrx_word' id='word_1_324' title='bbox 1417 2371 1559 2404; x_wconf 75' lang='lat' dir='ltr'><strong>Adrasti</strong></span> <span class='ocrx_word' id='word_1_325' title='bbox 1573 2370 1680 2404; x_wconf 75' lang='lat' dir='ltr'><strong>filiam</strong></span> 
     </span>
     <span class='ocr_line' id='line_1_49' title="bbox 974 2420 1680 2464; baseline -0.001 -9"><span class='ocrx_word' id='word_1_326' title='bbox 974 2432 1115 2455; x_wconf 85' lang='lat' dir='ltr'><strong>uxorem</strong></span> <span class='ocrx_word' id='word_1_327' title='bbox 1132 2422 1234 2454; x_wconf 85' lang='lat' dir='ltr'><strong>duxit</strong></span> <span class='ocrx_word' id='word_1_328' title='bbox 1247 2433 1255 2454; x_wconf 90' lang='lat'>:</span> <span class='ocrx_word' id='word_1_329' title='bbox 1268 2421 1453 2464; x_wconf 76' lang='lat' dir='ltr'><strong>secundus,</strong></span> <span class='ocrx_word' id='word_1_330' title='bbox 1465 2420 1680 2464; x_wconf 79' lang='lat' dir='ltr'><strong>quo&#39;l&#39;ydeus</strong></span> 
     </span>
     <span class='ocr_line' id='line_1_50' title="bbox 973 2473 1680 2515; baseline -0.001 -10"><span class='ocrx_word' id='word_1_331' title='bbox 973 2473 1108 2505; x_wconf 79' lang='lat' dir='ltr'><strong>Thebas</strong></span> <span class='ocrx_word' id='word_1_332' title='bbox 1123 2473 1188 2505; x_wconf 89' lang='lat' dir='ltr'><strong>ivit</strong></span> <span class='ocrx_word' id='word_1_333' title='bbox 1203 2473 1401 2515; x_wconf 81' lang='lat' dir='ltr'><strong>legatus,ut</strong></span> <span class='ocrx_word' id='word_1_334' title='bbox 1415 2475 1594 2515; x_wconf 83' lang='lat' dir='ltr'><strong>repeteret</strong></span> <span class='ocrx_word' id='word_1_335' title='bbox 1603 2482 1680 2515; x_wconf 74' lang='lat' dir='ltr'><strong>reg-</strong></span> 
     </span>
     <span class='ocr_line' id='line_1_51' title="bbox 975 2524 1679 2566; baseline -0.001 -10"><span class='ocrx_word' id='word_1_336' title='bbox 975 2534 1057 2556; x_wconf 85' lang='lat' dir='ltr'><strong>num</strong></span> <span class='ocrx_word' id='word_1_337' title='bbox 1081 2533 1144 2565; x_wconf 85' lang='lat' dir='ltr'><strong>pro</strong></span> <span class='ocrx_word' id='word_1_338' title='bbox 1166 2524 1348 2565; x_wconf 80' lang='lat' dir='ltr'><strong>Polynice,</strong></span> <span class='ocrx_word' id='word_1_339' title='bbox 1372 2527 1410 2555; x_wconf 87' lang='lat' dir='ltr'><strong>et</strong></span> <span class='ocrx_word' id='word_1_340' title='bbox 1434 2532 1503 2566; x_wconf 87' lang='lat' dir='ltr'><strong>quo</strong></span> <span class='ocrx_word' id='word_1_341' title='bbox 1525 2531 1679 2556; x_wconf 79' lang='lat' dir='ltr'><strong>reversus</strong></span> 
     </span>
     <span class='ocr_line' id='line_1_52' title="bbox 975 2573 1679 2616; baseline 0 -9"><span class='ocrx_word' id='word_1_342' title='bbox 975 2580 1030 2607; x_wconf 82' lang='lat' dir='ltr'><strong>est</strong></span> <span class='ocrx_word' id='word_1_343' title='bbox 1048 2574 1180 2616; x_wconf 80' lang='lat' dir='ltr'><strong>Argos:</strong></span> <span class='ocrx_word' id='word_1_344' title='bbox 1206 2574 1330 2607; x_wconf 85' lang='lat' dir='ltr'><strong>tertius</strong></span> <span class='ocrx_word' id='word_1_345' title='bbox 1345 2573 1588 2616; x_wconf 61' lang='lat' dir='ltr'><strong>deniqueffie,</strong></span> <span class='ocrx_word' id='word_1_346' title='bbox 1609 2583 1679 2616; x_wconf 81' lang='lat' dir='ltr'><strong>qno</strong></span> 
     </span>
     <span class='ocr_line' id='line_1_53' title="bbox 975 2623 1682 2666; baseline -0.001 -10"><span class='ocrx_word' id='word_1_347' title='bbox 975 2624 1099 2666; x_wconf 84' lang='lat' dir='ltr'><strong>Argivi</strong></span> <span class='ocrx_word' id='word_1_348' title='bbox 1123 2634 1215 2656; x_wconf 85' lang='lat' dir='ltr'><strong>arma</strong></span> <span class='ocrx_word' id='word_1_349' title='bbox 1243 2628 1382 2656; x_wconf 84' lang='lat' dir='ltr'><strong>sumunt</strong></span> <span class='ocrx_word' id='word_1_350' title='bbox 1404 2623 1449 2655; x_wconf 82' lang='lat' dir='ltr'><strong>ad</strong></span> <span class='ocrx_word' id='word_1_351' title='bbox 1474 2631 1682 2664; x_wconf 77' lang='lat' dir='ltr'><strong>recuperan-</strong></span> 
     </span>
     <span class='ocr_line' id='line_1_54' title="bbox 975 2673 1680 2717; baseline 0 -11"><span class='ocrx_word' id='word_1_352' title='bbox 975 2674 1056 2707; x_wconf 87' lang='lat' dir='ltr'><strong>dum</strong></span> <span class='ocrx_word' id='word_1_353' title='bbox 1076 2685 1218 2717; x_wconf 85' lang='lat' dir='ltr'><strong>regnum</strong></span> <span class='ocrx_word' id='word_1_354' title='bbox 1240 2683 1303 2716; x_wconf 85' lang='lat' dir='ltr'><strong>pro</strong></span> <span class='ocrx_word' id='word_1_355' title='bbox 1318 2673 1498 2714; x_wconf 85' lang='lat' dir='ltr'><strong>Polynice.</strong></span> <span class='ocrx_word' id='word_1_356' title='bbox 1542 2673 1680 2706; x_wconf 82' lang='lat' dir='ltr'><strong>Motum</strong></span> 
     </span>
     <span class='ocr_line' id='line_1_55' title="bbox 974 2722 1680 2765; baseline -0.001 -8"><span class='ocrx_word' id='word_1_357' title='bbox 974 2725 1078 2757; x_wconf 81' lang='lat' dir='ltr'><strong>etiam</strong></span> <span class='ocrx_word' id='word_1_358' title='bbox 1094 2725 1198 2757; x_wconf 88' lang='lat' dir='ltr'><strong>tertio</strong></span> <span class='ocrx_word' id='word_1_359' title='bbox 1211 2734 1232 2756; x_wconf 78' lang='lat' dir='ltr'><strong>a</strong></span> <span class='ocrx_word' id='word_1_360' title='bbox 1246 2723 1328 2765; x_wconf 81' lang='lat' dir='ltr'><strong>fuga</strong></span> <span class='ocrx_word' id='word_1_361' title='bbox 1342 2722 1517 2765; x_wconf 81' lang='lat' dir='ltr'><strong>Polynicis</strong></span> <span class='ocrx_word' id='word_1_362' title='bbox 1539 2732 1630 2756; x_wconf 84' lang='lat' dir='ltr'><strong>anno</strong></span> <span class='ocrx_word' id='word_1_363' title='bbox 1645 2724 1680 2756; x_wconf 84' lang='lat' dir='ltr'><strong>iu</strong></span> 
     </span>
     <span class='ocr_line' id='line_1_56' title="bbox 972 2774 1680 2817; baseline 0 -9"><span class='ocrx_word' id='word_1_364' title='bbox 972 2774 1151 2808; x_wconf 82' lang='lat' dir='ltr'><strong>Thebanos</strong></span> <span class='ocrx_word' id='word_1_365' title='bbox 1176 2774 1316 2816; x_wconf 84' lang='lat' dir='ltr'><strong>bellum,</strong></span> <span class='ocrx_word' id='word_1_366' title='bbox 1340 2777 1490 2807; x_wconf 73' lang='lat' dir='ltr'><strong>testatur</strong></span> <span class='ocrx_word' id='word_1_367' title='bbox 1511 2774 1680 2817; x_wconf 67' lang='lat' dir='ltr'><strong>Tragicos</strong></span> 
     </span>
    </p>
   </div>
  </div>
 </body>
</html>
