1820 3068
233 253 320 298 968

733 266 771 296 P.
808 265 996 296 PAPlNu
1032 265 1211 321 S'rA'rul

233 363 363 404 Tunc
387 362 541 405 viridis
563 362 648 404 late
669 362 814 411 lucus,
828 362 939 417 juga
959 362 1081 403 celsa
1101 361 1314 403 Minervae

234 431 438 485 Propter,
461 434 628 484 opacat
647 429 828 471 humum
846 431 966 483 niger
983 430 1095 483 ipse,
1117 429 1195 471 sed
1213 430 1391 483 insuper
1410 429 1562 482 ingens

234 498 367 540 Mons
386 498 558 552 premit,
578 503 624 539 et
641 498 817 551 gemina
837 502 1024 551 pereunt
1042 498 1231 551 caligine
1254 498 1399 539 Soles:

234 566 328 608 Hic
349 579 537 608 sanxere
555 566 713 611 fidem:
734 571 783 608 tu
806 566 970 607 Martia
989 567 1112 608 testis
1126 567 1267 622 Enyo,

233 634 382 688 Atque
402 634 572 676 inferna
592 634 740 684 Ceres,
762 635 1021 689 Stygiaeque
1042 633 1297 676 Acheronte
1311 635 1488 677 recluso

1613 565 1697 609 155

231 701 352 744 Ante
373 715 530 756 preces
553 715 711 744 venere
733 703 869 745 Deae:
906 703 982 744 sed
1004 702 1117 745 fallit
1133 703 1298 758 ubique

233 770 386 812 Mixta
407 769 585 812 Venus:
617 769 774 812 Venus
795 783 918 812 arma
938 774 1077 812 tenet:
1106 770 1263 812 Venus
1283 770 1499 813 admovet
1516 768 1619 810 iras.
1685 794 1689 798 ·

235 838 335 880 Nec
355 837 411 880 de
426 851 546 880 more
565 851 717 880 cruor:
749 840 902 880 natum
919 836 1142 893 Caropeia
1159 838 1324 893 conjux
1619 855 1621 857 ·

234 954 356 976 omnem
369 948 508 977 aelatem,
555 946 637 977 Erat
662 949 735 978 lunc
755 946 840 977 lucus
864 947 927 977 late
951 946 1054 977 virens
1067 945 1166 984 juxta
1180 946 1279 977 altum
1295 945 1440 987 templum
1456 942 1623 984 Mina-m,
1642 942 1697 982 qui

235 987 433 1020 inumbrabat
448 992 565 1020 emam
578 999 690 1032 opacus
705 990 782 1030 ipse,
806 990 860 1020 sed
878 992 1032 1029 praterea
1046 998 1132 1020 ’none

1145 997 1277 1028 mgnus
1289 988 1441 1023 imminet,
1456 989 1487 1018 et
1503 987 1550 1018 sol
1561 984 1697 1017 moritur

236 1031 355 1071 duplici
367 1031 566 1064 obscuritate.
610 1033 681 1064 utic
695 1033 796 1074 fidem
808 1032 992 1073 firmavere.
1040 1032 1088 1063 Tu
1100 1031 1192 1063 testis
1195 1031 1296 1069 suisti
1313 1031 1404 1072 Enyo
1420 1029 1541 1061 Martis
1552 1038 1653 1068 soror,
1665 1031 1698 1059 et

235 1076 271 1104 tu
286 1075 381 1106 Ceres
395 1075 532 1114 inferna,
546 1085 583 1106 ac
596 1075 721 1116 Styg-ioe
734 1084 868 1113 sorores,
880 1077 989 1114 aperto
1002 1075 1188 1114 Acheronte,
1201 1083 1367 1110 accessere,
1380 1073 1477 1105 etiam
1490 1074 1700 1111 nonrogatoe4

243 1116 347 1149 Venus
360 1127 435 1149 vero
449 1118 558 1158 ubique
571 1119 693 1150 inserta
705 1119 782 1149 latet
791 1129 801 1149 .·
830 1118 932 1149 Venus
948 1117 1075 1156 serrum
1090 1120 1175 1149 tenet
1184 1130 1195 1148 .·
1223 1116 1327 1148 Venus
1341 1116 1490 1154 furorem
1509 1114 1697 1150 ίπεῆωιιῑαι,

236 1160 305 1192 Nec
317 1160 390 1198 fuit
413 1161 604 1204 sacr-{ficium
625 1171 666 1193 ex
685 1161 763 1193 ritu.
813 1160 901 1192 Uxor
918 1159 1072 1201 Charopis
1086 1160 1220 1192 tradidit
1232 1160 1431 1192 mactandum
1447 1158 1567 1201 filium.
1612 1156 1688 1189 Sese

850 1249 966 1262 eeeeee

970 1250 1087 1262 eeeeee

235 1305 341 1338 Aldd.
359 1305 470 1337 Colin.
486 1305 620 1347 Gryph.
638 1309 674 1337 et
690 1306 806 1338 Plant.
825 1305 1019 1346 adfringen,
1034 1305 1106 1336 sive
1121 1304 1418 1346 affringere.—152
1434 1304 1579 1338 struitur
1591 1307 1698 1340 lucus.-

232 1348 386 1389 laeejuga
400 1349 482 1380 celsa
497 1349 652 1380 Minervae
666 1349 807 1390 optimae
823 1349 957 1380 Barthii
983 1348 1307 1379 membrarum—158
1329 1348 1488 1380 Petrens.
1505 1350 1591 1381 Exc.
1606 1349 1696 1381 Can—

231 1392 305 1424 tab.
322 1391 466 1424 'ram-iu.
497 1393 606 1432 Lang.
629 1392 731 1423 Laur.
754 1391 886 1423 Busiid.
910 1391 1060 1432 Lipsian.
1078 1392 1170 1422 Dan.
1185 1390 1268 1422 Put.
1293 1391 1415 1423 Petav.
1438 1393 1579 1423 Venett.
1599 1391 1698 1424 Rom.

231 1434 339 1467 Aidd.
357 1435 469 1466 Colin.
486 1434 619 1476 Gryph.
644 1435 750 1466 Basii.
774 1434 890 1465 piant.
906 1434 1049 1466 Gevart.
1073 1434 1234 1466 Grasser.
1249 1433 1480 1476 Lindenbrog.
1498 1435 1599 1467 eme.
1616 1434 1698 1467 Am·

230 1478 307 1510 stel.
324 1478 475 1510 Gronov.
491 1478 611 1509 Barth.
628 1482 664 1509 et
678 1477 808 1517 Delph.
823 1478 964 1508 admovet
986 1477 1075 1514 irum
1100 1477 1212 1508 Veen.
1236 1486 1354 1509 errore
1377 1477 1628 1519 typographico
1641 1479 1697 1509 ad-

226 1523 341 1561 monet,
354 1520 444 1562 qnod
470 1521 600 1552 retinet
616 1520 720 1552 etiam
749 1519 951 1560 Bipontina.
995 1519 1005 1536 ⁴
1026 1520 1124 1551 Meus
1142 1524 1255 1551 tamen
1278 1519 1388 1552 codex
1412 1521 1504 1552 male
1529 1521 1698 1558 admonet,-

229 1564 288 1596 sed
313 1564 496 1596 continuus
513 1572 607 1595 error
622 1564 658 1594 in
677 1562 773 1595 libris
788 1572 831 1595 ex
842 1561 1063 1594 similitudine
1076 1562 1238 1595 ductuum
1251 1563 1431 1595 literarum
1442 1573 1464 1595 n
1476 1567 1512 1596 et
1524 1562 1567 1595 vl
1578 1563 1697 1595 Bnrm.

895 1650 926 1682 N
933 1649 1042 1682 0¹1*AE

274 1717 336 1747 152
362 1716 448 1747 Tunc
472 1714 589 1747 viridis
617 1716 681 1746 late
710 1713 812 1755 lucus]
849 1714 935 1746 Cor-

227 1770 366 1807 ruptum
380 1766 490 1799 locum
507 1771 628 1798 censet
644 1766 819 1798 Bar-thius.
842 1765 935 1798 Quid

192 1834 194 1837 >
226 1817 363 1856 mirum,
390 1816 452 1857 ait,
477 1816 593 1847 lucum
617 1816 762 1848 viridem
786 1825 862 1848 esse
876 1818 937 1847 aut

225 1868 362 1900 virere?
383 1866 466 1909 quid
496 1867 585 1899 istud
612 1871 713 1899 tunc?
736 1866 935 1909 Additqne:

226 1918 268 1950 In
296 1917 427 1959 optimo
443 1918 566 1950 codice
588 1919 683 1950 clare
716 1917 806 1959 legi:
833 1918 936 1950 Irrui-

227 1972 281 2000 tur
312 1969 417 2000 lucus.-
453 1969 518 2000 late
547 1968 630 2008 juga
665 1969 747 2000 celsa
768 1968 935 2000 Minertoe.

228 2019 319 2059 Juga
346 2017 442 2059 celsa]
465 2018 621 2060 Tempia.
664 2019 798 2060 Supra:
833 2018 934 2050 ‘Pal-

227 2069 326 2101 lados
341 2068 463 2101 arces!
791 2094 794 2096 -

274 2123 337 2153 153
364 2120 468 2161 Niger
497 2121 578 2162 ipse]
611 2121 654 2153 Id
680 2125 746 2162 est,
770 2120 936 2153 obscurus

233 2182 297 2215 per
313 2181 349 2204 se
366 2176 402 2204 et
431 2180 495 2212 per
515 2176 681 2214 montem,
697 2181 765 2214 quo
788 2171 838 2204 sol
860 2170 938 2203 snb-

231 2223 380 2256 ducitur.

278 2276 342 2306 154
369 2273 520 2314 Gemina]
542 2273 675 2306 Montis
691 2277 729 2305 et
743 2272 905 2305 nemoris.

278 2329 339 2357 155
363 2325 472 2367 Enyo]
502 2325 602 2366 Enyo
629 2324 773 2361 Graecis,
798 2323 943 2356 Bellona

234 2376 379 2417 Latinis,
394 2385 490 2408 soror
505 2379 542 2407 et
558 2375 676 2416 auriga
695 2374 833 2415 Martis,
849 2372 942 2406 unde

233 2426 361 2459 Martia
375 2425 509 2458 Poetae.

278 2480 343 2509 156
380 2477 514 2516 Inferna
551 2477 662 2519 Ceres]
715 2474 941 2516 Proserpina.

232 2527 362 2570 Stygia
374 2527 470 2568 Deoe]
493 2527 619 2560 Furiae.

277 2581 341 2610 157
362 2579 449 2610 Ante
460 2578 584 2619 preces]
603 2577 646 2610 Id
661 2582 728 2620 est,
743 2579 848 2612 etiam
872 2588 939 2611 non

232 2631 377 2670 rogatae,
391 2631 574 2670 antequam
588 2634 802 2671 rogarentur.
839 2631 940 2663 Fallit

233 2679 362 2721 ubique]
385 2678 500 2712 Adest
514 2679 650 2722 quidem
666 2680 791 2724 ubique
810 2682 942 2722 Venus,

235 2734 272 2762 et
297 2730 529 2771 permiscetur
548 2730 684 2772 Furiis;
706 2732 768 2763 sed
792 2741 859 2764 non
883 2741 942 2773 ag·

235 2781 399 2812 noscitur.
443 2781 674 2822 Epithalamio
698 2781 836 2814 Stellae:
869 2781 943 2814 ‘Et

234 2829 364 2865 medin
376 2829 471 2865 fallit
491 2832 667 2874 permixta
680 2831 841 2865 sorores?

1035 1716 1097 1745 159
1122 1714 1190 1746 Nec
1204 1715 1243 1747 de
1263 1714 1469 1756 meremor]
1495 1714 1574 1747 Non
1593 1714 1700 1755 enim,

991 1769 1027 1796 nt
1039 1765 1129 1796 bene
1144 1765 1306 1798 observat
1320 1766 1376 1797 hie
1390 1764 1610 1806 Lactantius,
1623 1765 1696 1797 ani-

990 1816 1128 1848 malium
1150 1817 1325 1858 sanguine.
1349 1816 1408 1848 sed
1425 1817 1583 1853 humano,
1605 1815 1699 1856 jura-

992 1871 1050 1899 tur
1076 1876 1097 1898 a
1123 1868 1288 1899 matronis
1314 1867 1349 1898 in
1379 1866 1505 1907 scelus,
1526 1869 1564 1897 et
1589 1864 1698 1911 futuri

991 1917 1169 1959 parricidii
1184 1914 1372 1949 crudelitas
1401 1915 1566 1947 sancitur.
1625 1915 1700 1947 Sal-

990 1968 1112 2000 lustius
1126 1968 1176 2000 ait
1192 1967 1376 2000 Catilinam
1399 1966 1536 2008 plenum
1561 1965 1699 1998 humani

992 2017 1166 2059 sanguinis
1189 2017 1349 2059 poculum
1374 2015 1641 2056 circumtulisse,
1661 2020 1700 2049 et

991 2070 1071 2102 hinc
1086 2079 1204 2102 omnes
1215 2072 1336 2101 contra
1348 2068 1494 2100 salntem
1505 2067 1629 2108 patrie
1640 2066 1699 2099 de-

991 2124 1159 2162 gustasse.
1204 2119 1342 2152 Caesum
1365 2117 1455 2151 enim
1468 2126 1613 2158 puerum
1627 2126 1698 2150 me-

995 2177 1107 2204 morat
1136 2171 1220 2212 Dio,
1244 2179 1418 2213 superque
1457 2169 1533 2210 ejus
1564 2169 1700 2201 viscera

995 2221 1108 2255 foedns
1135 2226 1355 2263 conceptum.
1398 2219 1566 2254 Qoaedam
1591 2219 1699 2252 etiam

996 2278 1094 2306 erant
1108 2273 1289 2314 sacrificia,
1312 2275 1353 2304 ut
1374 2271 1431 2303 hie
1457 2269 1621 2302 observat
1635 2269 1701 2302 eti-

995 2334 1049 2356 am
1087 2323 1300 2360 Lactantius,
1338 2323 1372 2354 iu
1402 2321 1527 2364 quibus
1562 2320 1700 2362 sanguis

995 2373 1213 2407 victimarum
1236 2372 1430 2413 bibebatur,
1464 2374 1504 2403 ut
1528 2371 1565 2403 in
1590 2370 1698 2402 saeris

995 2424 1113 2458 Liberi
1137 2423 1247 2466 patris
1269 2421 1408 2464 sanguis
1423 2419 1520 2461 capri
1535 2419 1701 2452 immutati

995 2474 1260 2516 degustabunt.
1302 2471 1407 2515 Apud
1429 2471 1573 2513 Scythas
1586 2469 1700 2504 feda

994 2525 1214 2558 sanciebatur
1243 2524 1381 2567 quidem
1409 2522 1596 2565 degustato
1620 2529 1700 2553 san-

997 2577 1099 2619 gnine
1113 2577 1274 2616 humano,
1285 2575 1347 2608 sed
1361 2583 1428 2607 non
1449 2573 1570 2607 eoder-
1584 2570 1699 2604 nodo.

996 2628 1092 2659 Mela
1116 2627 1178 2659 lib.
1205 2635 1247 2658 ιι.
1275 2635 1352 2667 cap.
1378 2627 1412 2658 1.
1454 2623 1535 2656 ‘Ne
1562 2620 1700 2654 foedera

994 2676 1131 2719 quidem
1155 2677 1336 2708 incruenta
1364 2677 1457 2713 sunt,
1476 2671 1635 2704 nauci-nt
1659 2681 1700 2704 se

995 2727 1055 2770 qui
1085 2727 1316 2770 paciscuntur,
1350 2726 1592 2765 exeuntiumque
1620 2731 1700 2754 san·

996 2778 1150 2820 guinem,
1159 2777 1218 2810 nbi
1240 2776 1487 2819 permiscuere,
1499 2773 1699 2814 degustant.

995 2828 1038 2862 Id
1053 2831 1178 2871 putant
1191 2836 1359 2860 mansurae
1372 2825 1464 2858 ¹fidei
1485 2824 1609 2868 pignus
1623 2832 1699 2856 eer-

1815 2722 1818 2724 4
1799 2369 1820 2713 ³⁸ffl’
1800 2219 1820 2371 mei-am·
1802 2154 1804 2159 ⁷
1800 2120 1803 2121 ’
1801 2083 1802 2086 ⁴
