1820 3068
231 238 318 283 756
733 252 772 283 Ρ.
807 252 998 284 men-m
1033 254 1199 285 STA'ru

230 345 398 387 Annixi
412 345 597 400 jaculis,
614 349 658 388 et
676 347 797 389 humi
817 349 966 402 posita
987 362 1109 392 arma
1127 354 1339 402 tenenteS,
1618 353 1705 396 525

230 413 503 467 Expectant,
526 412 752 468 densaque
772 427 927 457 nemus
949 417 1142 459 statione
1165 424 1394 461 coronant.

231 479 443 535 Coeperat
461 480 656 523 humenti
678 481 901 524 Phoebum
923 484 1164 526 subtexere
1184 486 1308 540 palla

230 547 359 598 Nox,
382 554 430 589 et
450 549 691 590 coeruleam
713 551 837 591 terris
858 552 1078 594 infuderat
1097 554 1311 595 umbram.

229 614 313 657 Ille
334 616 665 670 propinquabat
685 618 840 672 sylvis,
857 623 902 661 et
923 620 981 661 ab
1002 632 1157 673 aggere
1178 621 1298 662 celso

229 681 371 724 Scuta
388 683 528 724 virum
547 684 784 739 galeasque
805 686 928 728 videt
947 687 1127 728 rutilare
1149 691 1395 738 comantes,
1616 689 1702 731 530

230 747 338 800 Qua
358 750 515 792 laxant
534 752 644 792 rami
665 765 837 801 nemus,
859 753 1133 808 adversaque
1153 755 1237 796 sub
1259 756 1417 797 umbra

228 815 488 859 Flammeus
507 818 655 860 aeratis
677 819 818 861 Lunae
838 824 997 862 tremor
1018 825 1133 863 errat
1152 822 1196 862 in
1218 823 1366 864 armis.

229 882 478 938 Obstupuit
501 885 609 926 visis
626 898 637 927 ε
668 887 764 928 ibat
783 891 944 937 tamen,
964 887 1144 930 horrida
1163 893 1333 931 tantum

229 951 432 1005 Spicula,
452 955 496 994 et
515 953 737 995 inclusum
757 954 920 1009 capulo
941 957 1070 997 tenus
1092 956 1304 998 admovet
1324 970 1487 999 ensem.

227 1018 299 1061 Ac
317 1020 456 1074 prior,
477 1021 592 1062 unde
613 1022 731 1063 viri?
763 1021 928 1076 quidve
948 1023 1184 1064 occultatis
1204 1023 1250 1064 in
1270 1025 1437 1066 armis?
1615 1026 1702 1068 535

228 1086 336 1128 Non
356 1087 511 1130 humili
531 1097 693 1131 terrore
715 1093 872 1142 rogat:
902 1102 986 1131 nec
1006 1090 1182 1131 reddita
1202 1095 1358 1133 contra

227 1154 354 1207 Vox,
373 1155 597 1211 fidamque
616 1162 781 1211 negant
801 1161 1016 1212 suspecta
1033 1158 1212 1200 silentia
1231 1172 1405 1214 pacem.

226 1221 346 1265 Ecce
367 1227 515 1266 autem
537 1230 668 1267 vasto
690 1224 899 1268 Chthonii
919 1230 1125 1269 contorta
1145 1227 1335 1278 lacerto,

227 1345 377 1376 audacem
391 1346 523 1385 hostem,
545 1347 755 1380 incumbentes
776 1348 888 1388 hastis,
909 1352 941 1381 et
964 1349 1080 1392 clypeis
1104 1350 1192 1381 humi
1214 1349 1376 1390 depositis,
1396 1352 1428 1381 et
1449 1349 1580 1390 cingunt
1595 1359 1702 1382 nemus

226 1387 378 1425 confertis
399 1390 548 1422 excubiis.
594 1391 673 1422 Nox
688 1395 823 1432 coeperat
836 1391 983 1432 obtegere
996 1393 1091 1424 solem
1104 1393 1229 1424 madido
1243 1393 1321 1432 velo,
1342 1395 1375 1424 et
1397 1396 1588 1433 resperserat
1608 1402 1701 1434 saper

225 1433 344 1462 terram
357 1436 445 1464 atras
458 1433 614 1465 tenebras.
659 1434 721 1466 Ille
739 1434 861 1476 Tydeus
879 1435 1041 1466 accedebat
1067 1436 1108 1466 ad
1131 1445 1249 1475 nemus,
1271 1439 1302 1466 et
1327 1435 1366 1466 ab
1389 1436 1453 1466 alto
1468 1437 1585 1466 tumulo
1599 1437 1701 1468 cernit

225 1474 343 1505 micare
356 1476 477 1517 clypeos
491 1475 641 1513 virorum,
663 1487 701 1507 ac
725 1479 875 1509 cristatas
899 1478 1046 1517 cassides,
1067 1488 1127 1518 qua
1146 1479 1282 1510 rariores
1299 1481 1389 1509 erant
1401 1479 1497 1520 sylcae
1510 1478 1647 1515 arbores,
1667 1482 1700 1510 et

225 1516 283 1547 sub
297 1519 437 1558 opposita
452 1518 562 1550 umbra
577 1520 731 1551 tremulus
744 1521 827 1551 lunae
838 1521 985 1561 splendor
998 1521 1033 1552 in
1058 1520 1157 1552 armis
1181 1521 1273 1552 cereis
1298 1524 1447 1560 vagatur.
1489 1521 1701 1553 Per-turbatur

225 1558 283 1590 hoc
296 1561 361 1592 viso
373 1571 386 1598 ,·
405 1561 670 1602 progrediebatur
685 1566 787 1595 tamen
800 1573 810 1594 .·
833 1567 956 1594 tantum
969 1564 1053 1604 capit
1069 1563 1226 1594 terribilia
1243 1563 1365 1603 jacula,
1386 1566 1418 1594 et
1440 1563 1545 1595 educit
1555 1565 1701 1603 gladium

223 1603 419 1635 reconditum
433 1605 543 1645 capulo
558 1607 659 1636 tenus.
702 1606 751 1637 Ac
763 1606 851 1646 prior
861 1607 943 1646 petit
957 1616 1017 1637 non
1031 1607 1150 1646 ignava
1154 1606 1331 1644 formidine
1341 1617 1352 1637 .·
1377 1606 1441 1642 Qui
1455 1606 1552 1638 estin?
1573 1610 1603 1638 et
1618 1607 1695 1647 quid

225 1644 261 1675 ιἰι
289 1647 388 1678 armis
402 1646 614 1679 absconditis?
659 1648 727 1680 Nec
739 1652 847 1680 contra
862 1651 957 1679 datur
980 1658 1171 1689 responsum.
1191 1651 1223 1680 et
1247 1651 1390 1689 suspecta
1413 1649 1616 1680 taciturnitas
1637 1659 1703 1682 esse

224 1686 328 1719 hostes
353 1689 485 1721 indicat.
531 1691 614 1721 Ecce
638 1694 744 1722 autem
769 1691 860 1723 hasta
884 1692 998 1723 emissa
1019 1693 1121 1732 amplo
1144 1690 1268 1722 brachio
1287 1690 1451 1731 Chthonii,
1472 1691 1527 1732 qui
1549 1692 1614 1723 dux
1629 1695 1700 1723 erat

837 1785 1079 1799 “OOO‘O‘OO‘O

225 1848 373 1890 natisque
384 1850 535 1888 avidum;
557 1861 658 1893 quem
683 1851 760 1884 vide
789 1852 833 1884 ad
859 1853 955 1893 Sylv.
985 1862 1028 1885 η.
1053 1855 1084 1884 3.
1109 1854 1273 1885 45.—52·1
1295 1851 1453 1886 Jortinns
1475 1852 1566 1893 conj.
1587 1852 1698 1884 coelum

224 1892 401 1924 subtexere.
425 1892 480 1925 Cf.
494 1894 589 1935 Sylv.
606 1903 663 1926 111.
682 1897 712 1926 1.
729 1898 803 1927 12⁷.
827 1896 934 1927 Theb.
951 1905 1008 1927 111.
1025 1899 1100 1929 415.
1123 1905 1158 1927 v.
1175 1898 1252 1927 ⁷53.
1274 1895 1373 1936 Virg.
1388 1894 1466 1926 AEn.
1484 1904 1527 1927 11.
1542 1897 1619 1926 250.
1643 1904 1697 1927 vr.

223 1937 412 1967 270.—-530
435 1935 516 1968 Put.
532 1937 654 1968 Petav.
674 1938 780 1978 Lang.
806 1938 938 1970 Buslid.
955 1943 992 1970 et
1007 1938 1086 1970 edd.
1106 1942 1194 1970 vett.
1217 1938 1388 1979 cristasque
1411 1938 1520 1975 παρτ,-
1543 1937 1695 1979 Lipsian.

223 1978 326 2009 Laur.
342 1979 436 2010 Dan.
452 1984 598 2020 uterque
614 1980 740 2012 Behot.
759 1981 918 2012 Petrens.
932 1982 1017 2013 Exc.
1036 1981 1179 2012 Cantab.
1208 1980 1348 2012 Taurin.
1373 1980 1494 2011 Burm.
1521 1984 1558 2011 et
1573 1989 1691 2011 omnes

223 2019 403 2052 Barthiani
423 2022 590 2063 galeasque
615 2022 819 2055 cidem—531
847 2024 917 2060 Qua
943 2025 1033 2055 laxat
1047 2033 1149 2055 ramos
1164 2033 1271 2055 nemis
1284 2023 1424 2064 optimae
1438 2021 1576 2054 Barthii
1592 2031 1695 2054 mem-

222 2062 459 2095 branae.-—533
482 2065 624 2096 Tauria.
641 2066 771 2097 horrida
784 2069 1012 2098 contra—534
1037 2066 1168 2098 Barthii
1192 2066 1301 2097 codex
1315 2077 1325 2097 :
1345 2066 1490 2096 admonet
1509 2075 1624 2104 ensem,
1645 2075 1698 2096 so-

224 2105 317 2136 lenni
331 2115 462 2138 errore.
484 2107 574 2138 Vide
591 2108 702 2139 Theb.
718 2118 751 2140 v.
770 2111 952 2140 15o.--538
964 2110 974 2127 ‘
988 2108 1084 2140 Ordo
1099 2108 1278 2140 verborum
1295 2109 1329 2139 in
1345 2107 1473 2148 optimo
1485 2107 1573 2139 libro
1582 2108 1694 2139 alins:

228 2148 361 2180 Chr-onii
376 2153 463 2181 vasto
478 2153 620 2182 contorta
632 2151 760 2188 lacerto,
776 2161 860 2183 sono
877 2152 1094 2194 aliquatenus
1110 2151 1275 2183 meliore.'
1298 2150 1416 2183 Barth.
1455 2149 1563 2182 eodd.
1576 2150 1694 2182 Bnrm.

884 2243 1035 2276 NOTAE

267 2308 331 2337 524
348 2306 529 2339 Deveniunt
539 2308 683 2348 peritura
691 2308 817 2350 cohors]
827 2307 934 2342 Quin·
990 2310 1066 2340 tes!

178 2374 180 2377 -
224 2356 389 2398 quaginta
412 2358 460 2388 illi
476 2367 593 2399 supra,
609 2368 694 2399 quos
714 2358 852 2400 Tydeus
877 2367 933 2390 oc-
1031 2360 1093 2390 531
1120 2358 1191 2394 Qua
1212 2359 1325 2390 laxant
1347 2357 1429 2389 rami
1451 2355 1578 2397 nemus]
1609 2355 1695 2397 Pro,

223 2408 320 2440 cidit.
359 2408 550 2449 Hostemque
563 2408 744 2449 superbum]
767 2408 934 2450 Tydenm.
988 2418 1032 2441 ex
1048 2418 1116 2451 qua
1134 2413 1232 2450 parte
1250 2409 1334 2440 rami
1350 2409 1497 2440 rariores
1512 2411 1625 2439 erant.

266 2461 330 2489 527
357 2458 465 2499 Palla]
501 2458 636 2490 Pallam
661 2459 805 2498 nigram,
822 2458 933 2490 stellis
1030 2461 1095 2490 532
1109 2459 1209 2491 Imm
1220 2463 1336 2491 treman-
1344 2454 1597 2498 matiani-min]
1611 2455 1695 2498 Agi-

220 2508 544 2549 conspersam,dant
558 2509 654 2540 nocti
668 2508 803 2541 Poe'tae.
926 2535 929 2538 .
988 2512 1071 2541 tatae
1086 2514 1190 2541 vento
1203 2507 1343 2540 frondes
1366 2504 1556 2544 faciebant,
1574 2511 1615 2539 ut
1633 2507 1694 2538 iux

266 2562 331 2591 530
355 2560 474 2591 Galeas
501 2559 674 2600 comantes]
711 2559 768 2592 ob
795 2559 933 2591 cristas.
985 2560 1091 2598 lunae,
1105 2569 1166 2600 per
1180 2559 1310 2591 medias
1329 2557 1470 2590 frondes
1482 2560 1623 2598 recepta
1638 2566 1694 2588 su·

223 2610 393 2643 Quaedam
418 2609 586 2641 editiones
603 2609 730 2642 habent
746 2610 859 2641 cristas
881 2620 930 2640 co·
985 2619 1050 2650 per
1073 2610 1228 2650 clypeos,
1243 2614 1409 2649 tremere,
1425 2617 1466 2640 ac
1488 2608 1537 2640 sic
1563 2615 1695 2648 errare,

222 2663 352 2692 mantes.
396 2660 483 2692 Quae
501 2660 606 2691 lectio
629 2659 719 2691 forte
743 2669 809 2691 nou
834 2669 929 2700 sper·
984 2659 1170 2692 videretur.

220 2710 355 2741 nenda:
382 2710 525 2751 Virgilio
541 2710 629 2741 enim
645 2709 721 2742 AEn.
741 2719 782 2742 11.
805 2710 929 2743 Cristae
1026 2712 1089 2741 533
1108 2708 1292 2752 Obstupuit]
1313 2709 1443 2742 Furore
1455 2708 1571 2750 potins
1591 2717 1692 2751 quam

221 2762 231 2778 ‘
246 2760 448 2792 comantes?
491 2761 537 2793 Et
554 2761 685 2792 Noster
701 2760 758 2793 lib.
775 2769 827 2794 xx.
846 2760 856 2778 ‘
873 2759 930 2792 In-
983 2760 1116 2792 timore.

222 2810 357 2843 terdnm
369 2811 491 2842 cristas
501 2811 618 2842 hilaris
626 2812 779 2852 jactasse
793 2820 929 2844 coman-
1026 2813 1091 2843 638
1115 2809 1282 2852 Chthonii]
1303 2809 1360 2844 Ita
1383 2809 1469 2852 legit
1483 2807 1692 2848 Gronovius,
