1820 3068
223 204 310 246 876
726 218 766 247 Ρ.
802 217 993 249 PAPan
1028 219 1191 252 s‘rA‘rn

224 310 353 360 llice,
371 323 461 365 qua
480 310 618 353 cubiti
639 311 825 354 sedeant
844 312 1036 367 vestigia
1055 318 1183 357 terra.

223 375 288 419 At
305 378 460 432 pedes,
477 381 522 420 et
541 382 639 420 toto
660 379 932 433 despectans
953 382 1123 424 vertice
1143 381 1323 431 bellum,

225 444 430 495 Quatuor
448 445 676 488 indomitis
697 446 939 502 Capaneus
957 452 1105 503 erepta
1111 449 1317 503 Juvencis

223 511 388 566 Terga,
409 526 628 568 superque
644 514 791 567 rigens
806 515 973 569 injectu
993 515 1125 557 molis
1146 515 1274 558 aenae

222 577 387 621 Versat
407 592 542 623 onus:
573 581 751 635 squalet
768 581 933 635 triplici
950 594 1130 624 ramosa
1145 595 1308 624 corona

224 645 384 700 Hydra
399 660 552 689 recens
570 649 723 690 obitu:
753 661 859 703 pars
879 651 1096 702 anguibus
1115 662 1275 703 aspera
1293 649 1409 692 vivis

222 712 419 767 Argeuto
441 715 603 774 caelata
623 716 786 758 micat:
817 729 924 770 pars
946 720 1037 759 arte
1057 721 1235 771 reperta

1605 381 1692 423 165

1605 719 1690 762 170

222 865 341 899 arcum,
364 863 395 891 et
407 870 466 900 quo
479 861 545 892 solo
558 864 678 893 restent
691 865 773 894 ποια
787 861 885 893 cubiti
900 860 976 899 ejus.
1019 861 1067 893 At
1097 861 1260 902 Capaneus
1280 863 1388 903 pedes,
1409 866 1440 894 et
1461 872 1588 895 cernens
1601 862 1690 902 infra

223 910 328 932 omnes
352 902 527 943 bellatores,
547 908 650 936 versat
674 906 813 946 clypeum
836 904 1009 942 consectum
1031 914 1073 935 ex
1096 905 1193 937 coriis
1215 906 1332 936 avulsis
1354 915 1376 938 a
1399 908 1530 945 quatuor
1551 905 1691 947 effrenis

222 944 337 984 tauris,
352 948 383 976 et
398 944 585 978 horrendum
598 948 730 987 desuper
744 947 860 986 injectu
876 947 981 978 akineoe
996 956 1116 979 massoe.
1162 948 1203 978 In
1217 947 1273 978 hoc
1287 948 1391 989 clypeo
1406 948 1507 990 hydra
1523 950 1690 980 multorum

221 986 372 1029 capitum,
394 990 479 1020 velut
504 998 610 1022 recens
635 990 747 1030 occisa,
774 989 958 1030 protuberat
974 988 1100 1027 faciens
1125 989 1279 1031 triplicem
1301 990 1424 1023 orbem.-
1452 1000 1527 1032 pars
1552 992 1689 1033 capitum

837 1098 1084 1112 mm

224 1185 307 1217 sian.
324 1188 360 1217 et
386 1185 466 1219 edd.
482 1190 567 1219 vett.
611 1187 682 1219 Alii
720 1188 822 1220 codd.
847 1198 926 1221 cum
953 1189 1034 1222 edd.
1058 1188 1207 1222 Amstel.
1224 1190 1375 1224 Gronov.
1390 1190 1511 1223 Barth.
1526 1192 1636 1224 Veen.
1652 1197 1690 1225 et

225 1228 355 1269 Delpli.
378 1232 409 1260 et
431 1230 519 1262 laxos
532 1241 562 1271 q.
576 1240 604 1263 r.
618 1233 830 1263 arcum-166
853 1231 997 1264 Behott.
1011 1235 1042 1264 1.
1055 1235 1088 1265 2.
1104 1236 1142 1265 ei.
1156 1234 1305 1273 optimus
1331 1233 1448 1266 Barth.
1470 1236 1691 1275 erectajuven-

223 1271 290 1309 cis,·
313 1271 383 1313 alii,
404 1272 693 1312 direptaJ’uvencis.
730 1274 882 1305 Gronov.
909 1275 944 1305 in
966 1275 1096 1316 Syllog.
1127 1275 1239 1316 Epist.
1264 1276 1360 1308 Tom.
1375 1285 1417 1308 n.
1445 1286 1480 1317 p.
1493 1280 1571 1309 565.
1596 1279 1689 1318 conj.

223 1315 353 1354 derepta
382 1314 643 1353 juvenda—167
668 1317 829 1348 Heinsius
854 1316 895 1348 ad
923 1316 1027 1350 Ovid.
1042 1318 1130 1350 Met.
1143 1327 1200 1350 m.
1215 1321 1269 1351 52.
1294 1318 1405 1359 legit:
1427 1319 1575 1358 injectum
1599 1321 1691 1352 molis

223 1356 450 1390 ‹theme—1⁷0
465 1358 507 1390 In
523 1359 654 1401 optimo
670 1359 804 1391 Barthii
819 1369 827 1390 ε
850 1363 920 1391 arte
932 1363 1035 1402 rep’ta
1044 1371 1058 1399 ,·
1081 1360 1170 1393 unde
1185 1361 1242 1393 ille
1256 1370 1264 1391 :
1288 1365 1358 1394 arte
1367 1371 1519 1403 repressa,
1534 1364 1587 1394 vel
1606 1367 1691 1395 torre

886 1469 1031 1502 NOTAE

268 1554 330 1583 165
354 1551 495 1593 Bellum]
520 1551 590 1584 Pro
607 1552 847 1586 bellatoribus.

267 1603 330 1633 166
355 1602 535 1644 Capaneus]
558 1603 656 1635 Unus
672 1613 691 1635 e
703 1603 850 1636 ducibus
867 1603 933 1635 Ar·

225 1650 325 1692 givis.
370 1652 461 1685 Vide
489 1653 600 1685 Theb.
631 1662 658 1685 1.
685 1656 741 1685 45.
772 1657 809 1685 et
843 1654 933 1686 libro

223 1702 462 1742 praecedente.
507 1703 631 1745 Erepto
648 1703 812 1744 juvencis]
836 1703 932 1745 Virg.

226 1750 301 1784 AEu.
323 1753 334 1770 ‘
346 1752 410 1784 Cui
426 1753 528 1794 pellis
549 1753 640 1785 latos
660 1754 818 1785 humeros
833 1762 933 1795 erep-

197 1840 199 1842 .
224 1807 261 1834 ta
270 1803 424 1843 juvenco
439 1803 611 1835 Bellatori
627 1803 766 1845 operit.’
809 1803 934 1845 Clypei

223 1853 298 1887 fere
323 1855 472 1896 pellibus
486 1857 638 1896 tecti‚ut
660 1860 698 1888 et
713 1859 824 1888 scuta.
869 1856 932 1887 Ta-

222 1906 266 1938 lis
285 1905 354 1939 fuit
370 1905 520 1940 famosus
534 1907 592 1939 ille
607 1906 728 1950 Ajacis
741 1905 932 1938 Telamonii

223 1957 380 1998 clypeus.

268 2009 332 2039 167
355 2007 514 2049 Superque
552 2008 662 2048 rigens
697 2007 814 2047 injectu
845 2007 935 2039 molis

224 2058 312 2090 ae'noe
339 2059 453 2092 Versat
467 2059 559 2101 onus]
581 2060 700 2092 Innuit
721 2059 837 2091 multis
860 2063 936 2091 tau-

223 2119 339 2141 rorum
368 2110 486 2150 coriis,
516 2110 649 2142 laminis
676 2109 781 2142 etiam
810 2107 934 2141 ferreis

224 2158 413 2192 obductum
444 2160 601 2201 Capanei
624 2160 785 2201 clypeum
813 2157 935 2190 fuisse.

227 2209 358 2251 Versat]
396 2209 452 2241 Ad
483 2209 793 2250 ‚demonstrandum
832 2209 936 2240 robur

224 2259 394 2301 Capanei,
415 2269 483 2302 quo
509 2260 670 2301 clypeum
695 2264 765 2291 tam
796 2267 935 2299 gravem

224 2310 335 2341 multa
351 2318 429 2341 cum
453 2308 624 2341 facilitate
640 2312 807 2340 versaret.

269 2362 332 2392 168
354 2358 499 2401 Squalet]
513 2357 556 2390 Τὸ
567 2359 689 2399 squalet
705 2357 820 2399 operis
836 2366 934 2398 aspe-

223 2411 360 2443 ritatem
382 2415 502 2450 notat,
514 2409 549 2441 id
572 2414 639 2449 est,
663 2408 846 2450 praeminet
871 2417 932 2439 seu

224 2466 332 2493 extat.
345 2460 512 2502 Virgilius
528 2471 536 2492 :
561 2459 751 2491 ‘Tunicam
775 2459 933 2500 squalen-

225 2517 294 2544 tem
305 2510 410 2543 auro!
451 2510 582 2552 Triplici
597 2519 720 2541 ramosa
735 2508 862 2550 corona]
878 2508 934 2540 An

226 2562 316 2604 quod
332 2559 458 2602 Hydra
468 2569 528 2601 per
545 2559 658 2601 clypei
676 2558 842 2590 ambitum
863 2562 934 2590 tres

226 2613 327 2645 orbes
339 2611 487 2652 faceret,
503 2611 558 2642 vel
574 2609 665 2652 quod
688 2609 860 2649 triplicem
878 2617 934 2640 eo-

224 2672 341 2694 ronam
359 2662 392 2694 iu
409 2671 477 2693 nno
492 2670 628 2703 quoque
641 2659 755 2701 capite
771 2658 935 2690 haberet?

226 2712 379 2752 Ramosa]
401 2711 444 2742 Τὸ
466 2721 591 2743 ramosa
612 2710 767 2752 capitum
782 2709 936 2741 multitu·

228 2761 343 2794 dinem
359 2761 515 2793 denotat.

1032 1558 1095 1587 169
1120 1555 1249 1597 Hydra]
1264 1556 1414 1597 Serpens
1429 1565 1505 1598 quae
1521 1558 1619 1598 plura
1634 1568 1692 1590 ca-

987 1605 1234 1646 pitahabebat,
1244 1615 1345 1647 quam
1362 1605 1534 1638 Hercules
1551 1607 1595 1638 ad
1610 1608 1692 1640 Ler-

986 1665 1064 1688 nam
1081 1656 1256 1698 Argolidis
1271 1657 1385 1689 lacum
1410 1665 1502 1697 aegre
1525 1656 1692 1691 confecit.

987 1706 1108 1738 Recens
1119 1706 1221 1747 obitu]
1243 1705 1298 1738 An
1314 1710 1425 1738 morte
1437 1716 1498 1738 sna
1512 1716 1691 1740 crescens:

986 1756 1139 1788 abscisso
1154 1757 1245 1789 enim
1259 1766 1328 1788 uno
1343 1756 1473 1798 capite,
1488 1757 1606 1789 statim
1622 1757 1690 1790 dno

985 1807 1255 1848 repullulabaut.
1298 1806 1365 1838 Vel
1376 1815 1482 1838 recens
1491 1806 1589 1848 obitu,
1598 1807 1690 1849 qnod

985 1857 1147 1889 caelatura
1170 1862 1238 1890 tam
1258 1857 1346 1889 bene
1369 1857 1549 1889 veritatem
1574 1858 1691 1900 expri-

985 1913 1109 1948 meret,
1130 1911 1169 1940 ut
1191 1917 1292 1950 piene
1315 1908 1448 1940 receuti
1464 1907 1560 1939 obitu
1581 1908 1691 1949 hydra

987 1966 1064 1989 cum
1088 1958 1158 1989 suis
1174 1957 1392 1999 serpentibus
1418 1957 1588 1989 interiret.
1635 1958 1691 1991 Vi-

987 2006 1050 2048 vis]
1067 2007 1109 2039 Id
1125 2011 1193 2048 est,
1205 2011 1302 2039 tauta
1316 2011 1394 2039 arte
1407 2007 1594 2048 expressis,
1602 2011 1641 2040 nt
1655 2008 1692 2040 in

987 2062 1131 2098 argento
1147 2057 1264 2089 vivere
1280 2057 1384 2089 etiam
1399 2056 1637 2090 crederentur.

1031 2110 1095 2140 170
1118 2108 1204 2140 Pars
1222 2111 1292 2140 aree
1310 2111 1434 2149 reperta
1458 2107 1628 2149 cmiter]
1650 2108 1694 2140 Id

989 2162 1057 2198 est,
1082 2167 1162 2199 pars
1186 2158 1412 2199 serpentium,
1442 2167 1519 2199 quae
1547 2157 1692 2191 deberet

988 2208 1211 2249 repullulare,
1232 2207 1299 2239 nisi
1326 2207 1414 2248 iguis
1436 2206 1592 2239 admotus
1607 2206 1696 2240 fuis·—

988 2263 1055 2298 set,
1083 2258 1282 2299 reprimitur
1310 2266 1371 2289 sen
1397 2266 1465 2288 non
1493 2258 1692 2299 repullulet.

988 2307 1047 2339 nbi
1062 2312 1172 2340 artem
1187 2306 1332 2348 reperit.
1345 2315 1412 2348 qua
1421 2307 1535 2339 enasci
1545 2307 1691 2350 amplius

988 2367 1056 2390 uon
1093 2361 1235 2398 possent
1263 2357 1380 2398 capita
1406 2365 1449 2388 ex
1476 2356 1692 2390 detruncat-«e

989 2407 1119 2449 Hydroe
1135 2407 1338 2439 cervicibus.
1382 2406 1429 2439 Et
1443 2407 1554 2449 tangit
1563 2407 1693 2440 factum

988 2458 1165 2496 Herculis,
1179 2457 1238 2499 qui
1255 2466 1332 2489 cum
1347 2456 1494 2497 videret,
1507 2462 1602 2490 secto
1624 2463 1692 2490 uuo

990 2508 1104 2549 capite
1119 2507 1252 2549 hydrae,
1265 2507 1334 2538 dno
1347 2506 1414 2538 alia
1430 2507 1588 2538 inlocum
1603 2506 1692 2539 secti

989 2567 1220 2596 succrescere,
1237 2556 1388 2588 admovit
1409 2557 1546 2588 tandem
1568 2557 1692 2597 ignem,

989 2607 1048 2639 ubi
1063 2617 1166 2639 unum
1183 2611 1290 2648 caput
1311 2610 1480 2645 secuerat,
1500 2605 1618 2647 sicque
1633 2606 1693 2637 im-

990 2657 1138 2699 pedivit,
1186 2652 1364 2698 quominus
1409 2655 1656 2696 repullniarent
1681 2667 1691 2688 :

989 2707 1081 2748 quod
1111 2707 1166 2739 hic
1194 2708 1205 2725 ‘
1222 2711 1332 2739 artem
1361 2709 1534 2748 repertam
1545 2708 1555 2722 ’
1589 2712 1692 2741 vocat

989 2756 1112 2790 Poeta.
