1820 3068
193 189 280 232 616

698 197 735 226 P.
769 195 961 226 PAPlNu
994 196 1159 228 STATH

198 297 407 346 Eurotas,
429 294 699 346 dubiamque
715 291 826 346 jugo
846 290 995 345 fragor
1013 292 1194 346 impulit
1214 293 1353 336 OEteu

196 365 252 406 In
271 364 404 413 latus,
424 368 466 404 et
485 361 669 416 geminis
690 360 768 401 vix
789 359 996 401 fluctibus
1016 360 1188 402 obstitit
1210 361 1416 404 Isthmos.

1572 362 1688 419 120,

197 433 307 487 Ipsa
327 445 454 474 suum
481 428 684 483 genitrix,
705 440 841 470 curvo
862 427 1064 482 delphine
1086 431 1340 482 vagantem,

197 500 399 555 Arripuit
417 499 582 549 fraenis,
601 497 859 551 gremioque
882 495 1142 539 Palaemona
1163 498 1342 551 pressit.

196 569 345 624 Atque
363 582 417 610 ea
438 566 638 610 Cadmeo
658 577 866 621 praeceps
885 564 963 606 ubi
982 563 1135 606 limine
1156 565 1346 619 primum

195 668 294 700 medio
308 667 379 700 aare
391 670 537 699 extensus
539 667 711 708 ,feroxque
724 665 873 705 Eurotas,
888 669 920 698 et
933 665 1051 702 stridor
1065 665 1228 698 inclinavit
1242 666 1278 698 in
1291 666 1374 699 lutus
1389 664 1488 699 OEten
1501 665 1655 698 incertam

194 711 325 750 vertice,
347 714 379 742 et
402 711 537 742 Isthmos
550 710 607 741 vix
620 710 744 742 resistit
758 709 933 750 duplicibus
946 709 1036 750 aquis
1050 709 1106 740 hoc
1122 709 1256 749 fragore
1278 710 1422 750 ugitufl&
1466 710 1542 750 Ipsa
1554 713 1656 741 nater

196 755 404 786 Polemonem
415 764 506 786 suum
517 753 646 786 habenis
666 752 884 794 apprehendit,
904 752 1135 793 aspernantem
1157 762 1252 794 siqu-a
1266 752 1393 794 flexam
1411 754 1602 794 delphin-un,
1624 756 1657 787 es

192 797 383 830 constrinxit
404 798 446 830 ad
467 796 569 829 sium
593 806 696 830 suum.
742 797 851 828 Primo
872 795 927 828 ubi
941 805 976 828 ea
993 794 1119 834 festina
1130 795 1234 837 posuit
1245 796 1402 838 pedentim
1417 795 1544 836 foribus
1556 796 1656 837 regia

808 869 906 882 ”On
910 869 1047 883 ΜΟ

198 927 394 960 Dum—119
408 925 554 959 Codices
566 925 772 958 Burmanni:
791 925 976 967 dubiumque
979 925 1063 967 ,fugo
1067 925 1186 966 fragor
1199 925 1314 967 inpulit
1325 925 1445 963 OEtem
1460 934 1560 967 quem
1574 923 1654 956 vide

197 970 301 1002 Ovid.
318 971 407 1003 Met.
423 978 478 1002 tx.
497 971 678 1002 165.—-123
704 970 867 1001 Petrens.

894 970 982 1001 Exc.
1001 968 1148 1001 Cantab.
1170 978 1257 1001 unus
1279 969 1426 1010 Bar-thu,
1451 977 1537 1000 unus
1566 968 1656 1000 Bur-

853 1032 1000 1066 NOTAE

240 1102 305 1133 119
317 1100 470 1142 Eurotas]
479 1100 618 1133 Flavius
631 1100 791 1134 Laconiae
801 1101 905 1143 Spar·

195 1155 264 1184 tam
274 1150 650 1194 praetefflnens.Aspe›-]
658 1152 748 1187 Quia
758 1153 903 1194 populos

196 1201 400 1234 fortissimos
420 1202 538 1235 alluit:
559 1203 714 1236 Lacones
726 1203 816 1235 enim
832 1214 901 1235 om-

196 1253 289 1284 nium
320 1253 520 1285 Graecorum
561 1252 739 1286 fortissimi
769 1253 900 1286 habiti:

195 1303 251 1334 vel
267 1302 357 1344 quod
377 1303 531 1335 Lacones
557 1302 737 1336 durissima
751 1303 901 1345 discipli·

196 1362 241 1383 na
265 1353 512 1386 educabantur.
557 1353 649 1386 Vide
676 1355 902 1388 Plutarchum

198 1402 371 1445 Lycurgo.

239 1454 436 1496 nubiumque
438 1454 519 1495 J’ugo
522 1454 641 1496 fragor
650 1455 775 1497 impulit
787 1455 903 1497 OEten]

196 1506 276 1538 OEte
306 1516 402 1538 mons
430 1506 465 1538 in
496 1505 618 1538 finibus
647 1506 836 1539 Thessalia
866 1511 903 1540 et

198 1557 350 1598 Doridis,
363 1567 448 1599 rogo
463 1555 623 1590 Herculis
649 1557 784 1590 nobilis.
833 1558 901 1590 Du-

194 1608 279 1640 b't'oem
293 1607 394 1649 jugo]
424 1607 515 1641 Quia
539 1614 617 1640 cum
641 1607 687 1640 sit
712 1608 806 1641 inter
833 1607 901 1641 Do·

196 1658 270 1690 rida
293 1662 330 1690 et
351 1658 574 1698 Thessaliam,
595 1658 695 1700 cnjus
719 1658 776 1699 sit,
789 1658 901 1691 incer-

197 1713 269 1740 tum
287 1713 351 1741 est.
396 1707 528 1740 Plinius
554 1708 829 1750 Doriditribuit,
844 1709 902 1741 alii

195 1759 391 1793 Thessaliae.
429 1759 516 1791 Mihi
542 1769 642 1792 secus
677 1759 825 1800 videtur,
854 1761 904 1792 ait

197 1810 369 1847 Barthius,
383 1814 419 1842 et
434 1809 562 1843 datiam
579 1810 662 1851 ‚iugo
683 1811 772 1843 dixit
797 1811 901 1853 Papi-

197 1862 285 1899 nius,
295 1861 391 1894 velut
403 1861 603 1894 inclinatam
618 1861 825 1904 dubiamque
836 1871 903 1904 quo

197 1912 373 1954 respiciat.
416 1912 510 1944 Situs
523 1912 598 1954 ipse
628 1911 755 1945 montis
779 1913 902 1945 verita-

127 1958 130 1962 ’
199 1968 269 1995 tem
284 1962 382 1995 nobis
407 1961 558 1995 firmabit
580 1962 614 1994 ln
643 1963 771 1995 tabulis
798 1963 903 1996 intro-

199 2019 351 2056 spectus.
394 2014 565 2047 Videatur
577 2019 613 2047 et
628 2015 753 2048 Strabo
778 2016 834 2049 lib.
851 2025 903 2049 rx.

199 2065 257 2108 qui
274 2070 409 2108 partem
424 2065 497 2107 ejus
514 2066 556 2099 ad
580 2066 830 2109 Thermopylas
847 2077 906 2100 nu·

202 2123 332 2149 tantem
355 2116 498 2149 iudicat.

243 2170 308 2199 120
335 2167 548 2209 Vixobstttie]
570 2167 611 2199 Id
628 2173 695 2208 est,
711 2177 808 2210 paene
821 2178 906 2201 mer-

202 2226 259 2248 sus
271 2215 349 2249 fuit.
393 2217 547 2258 Isthmos]
571 2217 718 2259 Proprie
733 2216 905 2260 significat

201 2274 328 2300 terram
343 2267 535 2309 oblongam,
549 2278 589 2301 ac
611 2273 791 2311 angustam
814 2269 907 2302 inter

202 2318 271 2351 duo
286 2317 406 2350 maria.
451 2317 519 2349 Hic
533 2327 613 2349 vero
627 2328 690 2358 per
707 2323 905 2352 antonoma-

202 2369 286 2401 siam
306 2367 450 2400 sumitur
465 2376 528 2409 pro
549 2368 702 2408 angustis
717 2369 784 2402 illis
801 2367 907 2403 fanci-

204 2421 280 2458 bus,
304 2417 429 2461 quibus
457 2417 717 2460 Peloponnesus
738 2421 908 2463 contingit

203 2470 370 2512 reliquam
396 2468 583 2509 Graeciarm
601 2474 813 2512 vocaturque
845 2472 909 2504 Co-

203 2520 390 2552 rinthiacus
405 2529 425 2551 a
451 2518 616 2552 Corintho
639 2519 722 2552 urbe
738 2521 910 2557 nobilissi-

203 2581 271 2612 ma,
283 2578 360 2613 quae
381 2569 414 2602 in
430 2579 471 2602 eo
486 2570 553 2602 sita
571 2574 636 2602 est.
681 2570 783 2604 Hunc
800 2571 910 2614 perfo-

204 2623 286 2655 dere
301 2620 399 2653 multi
425 2620 597 2663 principes
621 2625 855 2663 tentaverunt,
870 2628 908 2656 ut

204 2672 403 2706 Demetrius
424 2681 499 2712 rex,
515 2670 677 2704 Dictator
696 2673 826 2713 caesar,
842 2674 907 2706 Ca-

204 2724 323 2767 ligula,
350 2722 456 2762 Nero,
481 2720 633 2754 insausto
662 2723 719 2762 (nt
758 2724 906 2757 omnium

207 2774 318 2817 patuit
343 2772 454 2815 exitu)
489 2772 639 2814 incepto.
685 2773 787 2807 Quod
827 2785 905 2808 cnm

958 1108 1129 1142 nunqnam
1145 1098 1313 1142 perficere
1323 1098 1512 1142 potuerint,
1527 1097 1659 1140 placuit

957 1151 1098 1184 taudem
1119 1161 1266 1192 murum,
1289 1152 1345 1184 cui
1374 1151 1572 1184 Hexamilio
1600 1160 1660 1183 no-

956 1212 1048 1244 men,
1079 1203 1122 1236 ab
1150 1213 1216 1236 uno
1235 1202 1322 1235 mari
1351 1202 1395 1236 ad
1424 1203 1570 1235 alterum
1595 1199 1659 1234 (lu-¹

956 1262 1048 1293 cere,
1063 1263 1130 1295 quo
1147 1253 1407 1294 Peloponnesus
1422 1263 1442 1284 a
1457 1253 1659 1285 continente

955 1304 1203 1337 secluderetur.
1247 1303 1314 1336 Sed
1350 1314 1427 1336 cum
1450 1302 1659 1336 Amurathes

955 1354 1146 1387 'rus-carum
1156 1355 1199 1387 im
1205 1359 1346 1396 perator
1361 1355 1456 1387 illum
1465 1354 1664 1397 dejecisset,

955 1405 1083 1437 Veneti
1113 1405 1256 1438 eundem
1301 1413 1390 1438 anno
1426 1407 1522 1438 1458.
1545 1404 1661 1447 spatio

957 1456 1150 1499 quindecim
1159 1456 1291 1488 dierum
1301 1456 1546 1490 restituerunt:
1557 1465 1661 1499 quem

955 1507 1105 1539 secundo
1132 1509 1251 1540 Turcae
1290 1511 1413 1550 postea
1442 1507 1514 1540 solo
1543 1515 1660 1549 aequa-

957 1562 1048 1591 runt.
1095 1558 1240 1591 Geminis
1257 1556 1429 1601 fluctibus]
1459 1557 1552 1592 Quia
1580 1555 1660 1590 hinc

956 1615 992 1642 et
1014 1609 1097 1643 inde
1113 1609 1246 1643 duobus
1271 1606 1419 1643 maribus
1434 1609 1587 1651 alluitur,
1600 1606 1659 1642 Δί·

957 1668 1033 1702 gaeo
1056 1664 1094 1693 et
1110 1660 1219 1692 Ionio.
1607 1656 1610 1658 ’

1000 1713 1060 1743 121
1081 1711 1250 1753 Genitriae]
1263 1709 1478 1744 Leucothoe.
1506 1709 1595 1743 Vide
1608 1719 1663 1742 sn-

958 1771 1020 1803 pra
1037 1770 1085 1795 vs.
1105 1764 1158 1794 14.
1175 1765 1212 1794 et
1229 1761 1387 1803 apposite
1403 1760 1515 1793 Poeta
1530 1760 1664 1794 inducit

956 1813 1010 1845 bic
1034 1812 1264 1849 Leucothoe'n,
1287 1821 1366 1855 quae
1389 1810 1553 1843 Thebana
1576 1815 1664 1848 erat,

955 1863 1104 1906 hincque
1132 1864 1231 1896 malis
1257 1861 1380 1895 Thebis
1407 1861 1663 1895 imminentibus

958 1913 1088 1946 turbari
1113 1913 1277 1946 debebat.
1321 1908 1496 1963 Delphin]
1525 1912 1573 1945 Et
1597 1908 1664 1945 hoc

957 1974 1000 1997 ex
1016 1964 1174 1997 historia.
1219 1963 1343 1997 Tradit
1364 1964 1455 1996 enim
1471 1963 1666 1997 Pausanias

958 2015 992 2047 in
1021 2015 1264 2056 Corinthiacis,
1296 2024 1423 2058 corpus
1455 2012 1666 2056 Melicertae,

961 2075 1022 2098 seu
1038 2065 1259 2107 Palaemonis,
1274 2076 1294 2098 a
1309 2059 1469 2109 delphino
1485 2067 1518 2099 in
1531 2066 1665 2098 huncce

960 2118 1071 2149 locum
1093 2117 1252 2158 relatum,
1271 2111 1524 2160 Sisyphumque
1547 2126 1664 2159 regem

960 2168 1110 2200 Corinthi
1127 2167 1208 2199 illud
1225 2168 1401 2200 inventum
1417 2166 1601 2200 honorilice
1612 2176 1666 2200 se-

960 2219 1109 2261 peliisse‚
1133 2219 1326 2260 Liuiusque,
1341 2212 1363 2250 ι’
1386 2211 1462 2250 loco
1483 2211 1665 2261 Isthmicos

959 2274 1110 2312 vocatos,
1132 2271 1165 2302 in
1194 2270 1354 2302 honorem
1382 2264 1663 2307 Palaemonis'in-

960 2321 1126 2354 stituisse.
1169 2320 1365 2355 Quinetiam
1402 2320 1514 2353 solent
1542 2319 1664 2366 Poeta

961 2371 1045 2404 dare
1068 2371 1145 2405 Diis
1168 2372 1307 2404 marinis
1329 2370 1520 2419 delphinos,
1541 2370 1665 2414 quibus

962 2423 1145 2455 vehantur.

1006 2476 1067 2506 122
1105 2474 1292 2515 Gremioqne
1322 2473 1502 2505 Potamou-a
1528 2471 1663 2514 pressit]

962 2523 1126 2564 Virgilius
1142 2523 1219 2555 AEn.
1237 2531 1305 2555 vn.
1329 2525 1339 2540 '
1356 2522 1401 2555 Et
1425 2521 1570 2563 trepidae
1593 2523 1665 2555 ina-

963 2579 1033 2606 tres
1048 2582 1203 2616 pressere
1217 2573 1260 2617 ad
1274 2577 1413 2615 pectora
1426 2572 1548 2605 natos.’
1574 2572 1666 2610 Mire

962 2624 1125 2665 exprimit
1141 2629 1329 2655 maternum
1347 2621 1520 2656 affectum.
1559 2623 1668 2656 Pata-

962 2674 1068 2716 mona]
1091 2674 1276 2714 Palaemon,
1292 2673 1381 2706 idem
1397 2673 1455 2716 qui
1471 2671 1669 2714 Melicerta,

961 2725 1051 2758 filius
1081 2724 1178 2765 Inus,
1212 2734 1273 2757 seu
1308 2722 1530 2758 Leucothoes.
1575 2717 1667 2770 Vide

961 2786 1066 2819 supra
1084 2785 1131 2809 vs.
1150 2777 1202 2808 14.
1650 2771 1653 2777 ’
