1820 3068
241 203 328 247 864

746 218 787 247 P.
821 215 970 248 PAPIN
980 216 1015 247 11
1050 217 1215 249 STA'rn

241 314 285 359 It
306 327 459 357 comes
476 314 615 356 Inoas
638 312 815 368 Ephyre
837 314 981 356 solata
999 315 1220 369 querelas,

241 383 586 437 Cenchraeaeque
605 395 776 433 manuS‚
800 387 950 424 vatum
970 396 1060 437 qua
1079 383 1289 427 conscius
1308 386 1451 428 amnis
1649 385 1710 428 60

241 454 478 508 Gorgoneo
499 464 736 505 percussus
756 463 888 504 equ0,
905 463 1082 505 quaque
1104 451 1286 506 objacet
1305 453 1400 495 alto

239 522 455 572 IsthmoS,
473 524 518 562 et
536 533 563 561 a
578 519 701 561 terris
721 519 863 560 maria
883 519 1096 561 inclinata
1113 521 1307 574 repellit.

239 591 359 633 Haec
378 601 536 632 manus
558 586 798 629 Adrastum
818 599 996 629 numero
1016 592 1085 629 ter
1104 587 1224 630 mille
1243 588 1387 631 secuti

238 658 478 701 Exultant:
508 669 612 711 pars
631 668 736 709 gesa
756 667 907 706 manu,
929 669 1033 710 pars
1056 657 1214 699 robora
1234 657 1429 700 flammis

237 726 452 769 Indurata
473 725 565 775 diu,
587 722 695 779 (non
714 736 828 764 unus
846 736 1039 779 namque
1058 725 1267 780 maniplis
1646 727 1708 769 65

237 794 359 846 Mos,
372 806 514 849 neque
535 791 721 846 sanguis
742 789 900 846 inest,)
920 796 1082 834 teretes
1101 805 1208 848 pars
1226 797 1395 837 vertere
1414 792 1577 836 fundas

233 930 405 963 innumeris
419 929 557 961 venenis.
602 927 806 959 Comitantur
821 926 900 958 hunc
923 927 1062 969 Ephyre,
1086 937 1155 968 quae
1175 928 1315 969 phaenon
1339 928 1441 961 luctus
1463 928 1553 968 Inus,
1574 932 1605 961 ee
1625 928 1706 970 pha-

234 975 345 1014 langes
362 973 541 1011 Cemhreae,
564 981 624 1012 qua
641 970 719 1008 fons
733 970 860 1009 faciens
881 970 998 1001 Po'e'tas
1020 971 1148 1002 eductus
1164 971 1236 1010 fuit
1254 972 1372 1012 ungula
1386 971 1460 1013 equi
1478 972 1649 1012 Gorgonei,
1672 975 1705 1004 et

234 1027 296 1058 qua
311 1017 446 1048 Isthmos
467 1016 634 1056 opponitur
657 1014 780 1054 pelago,
802 1016 833 1044 et
847 1016 1019 1044 summovet
1035 1024 1055 1044 ιι
1071 1014 1181 1046 tellure
1195 1014 1389 1046 imminentia
1402 1015 1514 1047 maria.
1558 1014 1639 1046 Hoec
1653 1024 1704 1046 ca-

234 1064 335 1095 terva,
358 1060 423 1091 tria
445 1059 548 1090 millia
571 1066 709 1095 numero,
738 1056 912 1087 Adrastum
936 1060 1054 1095 secuta,
1074 1058 1192 1096 gaudio
1214 1058 1353 1098 prosilit.

1411 1058 1499 1089 Pars
1518 1058 1605 1098 gerit
1625 1067 1704 1098 gesa

233 1112 340 1140 mnu,
360 1112 436 1142 pars
454 1101 579 1142 stipites
594 1100 669 1139 igne
694 1099 748 1130 diu
772 1099 946 1139 induratos,
966 1100 1043 1139 (uon
1057 1100 1139 1131 enim
1152 1101 1259 1132 eadem
1271 1105 1319 1133 est
1332 1102 1530 1137 consuetudo.
1553 1110 1607 1133 nec
1621 1101 1704 1132 idem

231 1155 332 1186 genus
345 1149 392 1178 est
406 1143 613 1185 cohortium)
632 1152 707 1184 pars
721 1142 808 1174 soliti
821 1146 927 1173 rotare
943 1142 1023 1174 leves
1040 1141 1175 1185 fundas,
1190 1146 1223 1175 et
1237 1143 1487 1177 circumscribere
1499 1144 1603 1176 «irem
1615 1143 1706 1184 inani

851 1236 971 1260 “'‘lo‘

973 1236 1093 1249 oooooo

233 1310 268 1341 p.
287 1298 451 1330 565.—59
474 1294 582 1326 Ionias
609 1292 699 1324 Dan.
723 1295 760 1324 et
781 1301 867 1323 unus
893 1291 1018 1323 Behot.
1044 1291 1172 1324 Inonias
1195 1293 1283 1325 alter
1309 1293 1519 1327 neiron-65
1544 1295 1704 1327 Indumta

225 1343 338 1382 ferunt
355 1339 515 1371 Petrens.
541 1342 578 1368 et
603 1337 652 1367 sic
669 1334 771 1367 codd.
790 1334 918 1366 Handii
935 1345 1034 1377 quem
1051 1335 1130 1367 vide
1154 1335 1197 1367 ad
1214 1337 1307 1377 Sylv.
1322 1337 1420 1370 Tom.
1436 1346 1462 1369 1.

1490 1347 1524 1378 p.
1540 1341 1702 1370 lob—66

231 1386 314 1417 Mox
340 1381 570 1422 Lindenbrog.
596 1379 669 1411 Mos
699 1378 839 1411 Behott.
866 1380 942 1410 1.2.
970 1378 1076 1420 Laug-
1101 1379 1204 1411 Laur.
1228 1379 1527 1422 Lipsian.Buslid.
1553 1387 1591 1413 et
1619 1381 1698 1414 edd.
1816 1355 1820 1358 ι

894 1474 1036 1508 NOTAE

274 1563 317 1593 59
342 1556 484 1600 Ephyre]
519 1555 718 1595 Corinthus,
747 1552 941 1595 antiquitus

230 1612 358 1654 Ephyre
372 1612 511 1642 vocata.
534 1607 641 1638 Erant
664 1609 701 1636 et
725 1604 829 1635 nrbes
851 1603 942 1644 ejus·

231 1663 309 1696 dem
328 1659 474 1694 nominis
489 1658 523 1690 in
539 1657 674 1697 Aitolia,
689 1654 849 1695 Arcadia,
864 1654 941 1685 Ma-

230 1712 390 1750 cedonia,
406 1709 518 1749 Elide,
532 1713 569 1740 et
583 1708 618 1739 in
634 1707 750 1739 Italia.
781 1705 878 1736 Inoas
888 1714 939 1736 so-

229 1769 296 1800 lata
323 1760 480 1807 querelas]
522 1758 747 1791 Institutione
778 1755 938 1788 certami-

190 1834 193 1837 ,
227 1828 310 1851 num
325 1816 360 1848 in
376 1815 538 1846 honorem
551 1808 759 1841 Palaemonis
771 1806 832 1838 filii
844 1806 939 1838 Inus.

270 1871 313 1900 60
339 1865 575 1903 Cenchraeaeque
590 1858 715 1899 manus]
747 1857 936 1890 Cenchreae

228 1917 393 1963 oppidum
425 1923 531 1956 prope
561 1910 763 1943 Corinthum
795 1908 829 1940 in
860 1907 936 1948 ipso

228 1970 373 2009 Isthmo,
387 1967 491 1998 immo
508 1967 627 2006 portus
642 1962 749 2002 ipsius
766 1959 934 1992 Corinthi.

229 2020 365 2054 Plinius
388 2017 450 2050 lib.
474 2024 524 2047 ιν.
543 2013 708 2045 ‘Lecheae
732 2011 936 2051 hinc‚⁷Cen-

229 2071 342 2105 chreae
357 2069 450 2100 illinc
466 2065 699 2107 angustiarum
716 2059 880 2094 termini.'

276 2121 393 2155 Vatum
406 2128 468 2161 qun
481 2116 623 2149 conscius
643 2113 746 2145 amnis
769 2112 935 2151 Gorgoneo

222 2181 389 2216 percussus
412 2168 505 2211 equo]
541 2166 708 2206 Designat
726 2162 858 2195 fontem
878 2162 934 2194 Pi-

228 2233 348 2259 renen,
369 2220 529 2254 Straboni
555 2223 591 2249 et
624 2215 739 2248 Suidae
762 2216 865 2247 situm
891 2212 935 2244 ad

228 2274 381 2307 radicem
397 2269 653 2307 Acrocorfflthi,
664 2267 773 2299 Musis
789 2274 937 2305 sacrum,

228 2335 330 2368 quem
356 2323 480 2355 Poetae
503 2320 701 2353 fabulantur
722 2323 834 2349 ortum
859 2325 935 2348 esse

226 2377 301 2409 ictu
329 2374 467 2416 ungulae
498 2371 625 2412 Pegasi
655 2369 749 2411 equi,
773 2368 829 2410 qui
856 2367 933 2399 ideo

231 2428 418 2468 Gor-genens
431 2423 569 2462 dieitur,
586 2421 676 2463 quod
700 2419 835 2451 vexerit
848 2418 932 2449 Per-

228 2488 324 2512 seum
345 2481 486 2509 euntem
507 2474 551 2506 ad
574 2472 829 2513 expeditionem
851 2469 933 2501 Gor-

226 2538 364 2572 gonum.
412 2527 503 2558 Fons
518 2530 631 2556 autem
646 2524 712 2555 iste
723 2522 851 2553 dicitnr
863 2531 935 2552 con·
974 2555 978 2558 ⁴

226 2581 309 2613 scius
323 2582 441 2615 tatum,
457 2587 516 2608 seu
533 2575 744 2607 Poetarum:
766 2572 825 2614 qni
843 2572 932 2603 enim

228 2632 294 2662 hoc
308 2632 316 2647 ‘
328 2629 424 2661 fonte
441 2627 538 2659 labra
553 2624 742 2667 moluerit:
761 2623 869 2656 Poeta
878 2623 931 2656 fit.

230 2683 384 2722 Pegasus
400 2689 442 2710 ex
463 2679 527 2709 hoc
550 2676 646 2708 fonte
669 2685 746 2706 cum
763 2675 899 2706 biberet
913 2684 933 2705 a

229 2731 502 2772 Bellerophonte
518 2728 752 2770 deprehensns
767 2731 842 2758 est:
875 2735 935 2758 un-

229 2782 273 2814 de
299 2782 403 2814 etiam
429 2780 502 2813 fons
526 2781 591 2812 iste
618 2778 740 2812 Persio
761 2776 935 2810 ‘Caballi-

996 1553 1079 1585 nus'
1094 1557 1246 1588 vocatus.
1290 1553 1361 1588 Alii
1386 1555 1421 1589 in
1444 1554 1615 1589 Helicone
1640 1566 1700 1599 po-

995 1608 1150 1637 suerunt.

1036 1658 1077 1687 61
1119 1655 1249 1698 Quaque
1276 1655 1409 1699 objacet]
1452 1657 1550 1690 Bene
1578 1657 1701 1691 scribit

992 1704 1160 1747 Papinius
1174 1707 1336 1749 objacere
1345 1708 1415 1740 alto
1427 1707 1501 1742 sive
1510 1709 1596 1741 mari
1607 1709 1703 1742 Isth·

993 1766 1085 1789 mum
1099 1768 1108 1789 ε
1123 1757 1263 1800 objacet
1275 1759 1365 1791 enim
1373 1764 1484 1801 certe,
1493 1763 1716 1804 ettanquam-

992 1812 1129 1840 erectus
1151 1809 1254 1842 umbo
1274 1819 1483 1843 concurrere
1507 1810 1640 1843 Ionium
1664 1815 1701 1843 et

991 1858 1136 1900 AEgeum
1160 1869 1253 1892 mare
1274 1869 1342 1893 uon
1364 1861 1510 1903 patitur,
1523 1861 1585 1894 sed
1601 1861 1700 1894 incli-

991 1914 1072 1942 nata
1095 1920 1136 1943 ac
1153 1911 1302 1944 declivia
1319 1913 1426 1945 maria
1445 1912 1488 1945 ab
1516 1913 1696 1946 altioribus

990 1961 1092 1993 terris
1108 1962 1246 2004 repellit
1258 1971 1300 1995 ae
1313 1962 1442 2005 rejicit.

1031 2014 1074 2044 62
1098 2012 1250 2055 Isthmos]
1270 2012 1457 2056 -Isthmos‚
1482 2013 1598 2047 fauces
1623 2013 1699 2057 qui-

990 2060 1052 2094 bus
1081 2062 1345 2105 Peloponnesus
1374 2064 1530 2097 adhaeret
1554 2065 1696 2098 Helladi

988 2122 1048 2144 seu
1063 2113 1225 2156 Graeciae,
1240 2119 1277 2147 ut
1291 2115 1365 2157 jam
1381 2115 1542 2148 diximus.
1585 2116 1697 2148 Maria

988 2165 1139 2198 inclinata
1153 2167 1289 2208 repellit]
1325 2167 1418 2200 Hinc
1439 2171 1476 2199 et
1496 2166 1577 2199 inde
1603 2167 1695 2199 euim

987 2215 1137 2248 Isthmos
1153 2221 1190 2248 et
1205 2218 1290 2249 mari
1307 2217 1412 2259 AEgeo
1426 2222 1464 2250 et
1488 2216 1576 2249 mari
1593 2217 1694 2250 Ionio

989 2273 1144 2308 urgetur,
1159 2272 1197 2300 et
1217 2268 1376 2310 impedit,
1392 2278 1460 2311 quo
1483 2268 1595 2300 minus
1621 2268 1695 2300 haec

989 2317 1057 2349 duo
1072 2317 1181 2349 maria
1189 2318 1394 2360 jungantur,
1403 2323 1443 2351 ut
1451 2319 1523 2361 jam
1539 2317 1698 2351 diximus.

990 2368 1080 2401 Vide
1094 2368 1203 2401 Theb.
1218 2378 1244 2401 ι.
1256 2371 1332 2402 120.
1389 2404 1396 2410 l

1032 2421 1075 2450 64
1113 2418 1213 2461 Geso]
1249 2419 1334 2451 Tela
1363 2417 1510 2453 Gallica.
1568 2419 1696 2452 Robora

990 2469 1126 2509 nantonis
1139 2469 1295 2502 Indurala
1308 2469 1380 2511 diu]
1398 2469 1523 2502 Sudes.
1555 2469 1696 2502 Talibus

991 2521 1092 2552 armis
1108 2530 1187 2552 usos
1202 2525 1338 2552 veteres
1357 2520 1392 2552 in
1414 2520 1543 2562 praeliis
1563 2524 1694 2552 testau-

986 2575 1044 2603 tnr
1066 2571 1259 2611 Lucretius,
1273 2571 1454 2612 Virgilius.
1474 2570 1694 2611 Propertius,

986 2623 1169 2656 Sallustius
1184 2623 1219 2654 in
1231 2623 1390 2656 Catilina.

1030 2677 1073 2706 66
1096 2674 1222 2706 Teretes
1239 2683 1314 2714 pars
1334 2677 1455 2705 vertere
1463 2672 1599 2714 fundus,
1620 2673 1692 2715 δρα]

987 2725 1192 2758 Funditores
1207 2723 1381 2765 intelligit.

1815 2118 1820 2122 .
1806 1929 1820 2102 ''fahan-,airam
1813 1905 1820 1920 ι-
