1820 3068
197 229 284 273 646
696 240 738 271 Ρ.
772 239 963 271 PAPlNll
995 239 1162 271 ετΑΊῚι

202 338 335 380 Ferre
357 337 438 378 iter
453 335 749 391 impavidum:
782 349 864 379 seu
881 338 1050 393 praevia
1069 338 1193 380 ducit
1206 338 1412 394 Erinnys,

201 406 290 448 Seu
308 405 399 447 fors
420 405 497 447 illa
518 405 618 455 viae,
637 404 739 447 sive
754 405 840 447 hac
861 406 1044 448 immota
1062 407 1257 450 vocabat

199 475 408 528 Atropos
470 472 654 528 Ogygiis
674 473 842 515 ululata
861 473 1081 516 furoribus
1100 483 1228 517 antra

202 541 390 591 Deserit,
412 545 459 583 et
478 542 665 596 pingues
682 542 891 584 Baccheo
910 543 1124 596 sanguine
1142 543 1296 586 colles.

201 609 313 651 Inde
328 609 522 663 plagam,
543 623 630 664 qua
649 611 782 652 molle
803 610 959 652 sedens
978 611 1026 652 in
1040 611 1174 666 plana
1193 610 1416 654 Cithaeron
1569 610 1656 654 330

201 677 460 732 Porrigitur‚
479 678 737 733 lassumque
757 679 942 722 inclinat
961 678 1018 721 ad
1038 691 1218 734 aequora
1233 683 1444 730 montem,

201 837 234 861 se
248 829 277 861 ei
291 829 427 870 praebuit
438 831 557 872 ducem,
579 840 632 863 seu
645 841 736 864 casus
749 831 821 871 suit
835 832 887 863 ille
902 831 1038 873 itineris,
1059 841 1112 864 seu
1126 841 1195 865 eum
1209 831 1395 874 inflexibilis
1406 831 1542 874 Atropos
1553 831 1589 863 'in
1602 831 1659 863 has

198 876 307 913 partes
320 874 505 914 appellabat.
550 875 716 916 Relinquit
742 885 858 915 specus,
880 875 914 907 in
936 875 1045 917 quibus
1058 875 1186 914 furores
1214 876 1337 917 Ogygii
1357 877 1604 918 pern-epuerunt,
1626 877 1659 906 et

201 916 295 947 colles
308 916 424 957 opimos
444 927 551 948 cruore
566 928 586 949 α
602 918 834 950 Bacchantum
851 918 962 960 effuso.
1008 919 1085 950 Inde
1101 918 1215 951 transit
1227 920 1398 959 regionem,
1418 929 1479 960 qua
1496 918 1659 950 Cithaeron

203 958 315 991 leniter
334 960 463 992 declivis
485 961 664 993 extenditur
687 962 723 993 in
743 961 921 1004 planitiem,
942 966 974 994 et
996 962 1135 994 demittit
1154 962 1189 994 in
1209 971 1297 994 more
1316 965 1496 1003 vergentem
1515 963 1660 992 mntem.

811 1067 1052 1082 oneum&

202 1144 311 1174 -326
334 1143 433 1176 Ferre
446 1144 510 1175 iter
531 1144 707 1186 impavidus
731 1145 763 1176 in
779 1155 847 1178 uno
862 1145 1007 1186 codice;
1039 1146 1139 1178 Ferre
1162 1146 1262 1187 ipsum
1284 1144 1474 1188 impavidum
1493 1144 1661 1178 Scholias-

200 1190 256 1218 tes
274 1196 283 1218 ε
303 1197 359 1218 seu
378 1188 499 1229 praevia
522 1189 615 1219 ducat
640 1188 773 1220 Barthii
798 1190 1126 1222 membranae.—329
1148 1190 1244 1222 Unus
1271 1190 1522 1230 manuscriptus
1549 1187 1660 1221 codex

205 1229 339 1261 Barthii
354 1241 362 1262 :
388 1231 528 1262 Pentheo
542 1231 717 1271 sunguine;
740 1237 776 1263 et
790 1233 838 1264 sic
855 1233 938 1274 legit
956 1234 1000 1265 N.
1019 1232 1178 1264 Heinsius
1193 1234 1226 1264 in
1241 1230 1389 1264 Advers.
1404 1232 1464 1263 lib.
1478 1241 1518 1264 11.
1533 1241 1610 1272 cap.
1626 1235 1660 1263 2.

206 1281 241 1312 p.
266 1275 450 1305 214.—331
483 1274 654 1314 Por-igitur
684 1275 821 1315 optimae
858 1275 992 1308 Barthii
1026 1276 1245 1308 membranae.
1285 1276 1430 1316 lapsuque

205 1325 331 1356 oequora
345 1316 488 1348 Venett.
511 1316 613 1349 Aldd.
639 1318 748 1350 Colin.
766 1318 899 1360 Gryph.
923 1318 1029 1351 Basil.
1054 1319 1172 1351 Plant.
1188 1319 1254 1351 ὅτε.
1278 1275 1662 1359 Ζασεκηιᾳυειῖιξιιᾶζαιὲεῗ

204 1368 327 1399 ‹equor-a
351 1359 441 1391 Dan.
465 1359 628 1392 Heinsius
644 1370 690 1393 ex
715 1362 852 1403 scriptis
874 1361 976 1395 codd.
1000 1362 1043 1394 ad
1070 1362 1188 1395 Claud.
1212 1362 1317 1404 Rapt.
1337 1361 1500 1403 Proserp.
1515 1362 1662 1395 111.352.

851 1465 1008 1513 ‘NOTAE

250 1589 312 1620 325
335 1580 377 1619 Et
390 1587 563 1627 caligantes
578 1587 709 1630 abrupto
722 1590 784 1621 sole
798 1589 906 1631 Myce·
960 1588 1117 1622 thaeron.’
1154 1587 1299 1630 Ululata]
1313 1587 1363 1621 Ut
1378 1591 1533 1630 regnatu,
1547 1587 1662 1621 trium-

202 1639 277 1681 nas]
302 1639 418 1671 Innuit
433 1638 582 1671 fabulam
599 1639 710 1679 Atrei,
734 1641 792 1683 qui
816 1641 906 1683 Thy-
959 1640 1077 1683 phata.

205 1691 272 1723 esti
296 1690 395 1722 fratri
417 1690 504 1722 filios
527 1691 715 1732 epulandos
733 1692 904 1733 apposuit,

202 1751 274 1782 quo
299 1741 370 1772 viso
396 1741 447 1772 sol
470 1741 598 1774 dicitur
624 1741 804 1784 refugisse.
850 1743 907 1774 De

209 1792 366 1834 Mycenis
394 1792 478 1834 videt
502 1802 605 1833 supra
631 1802 680 1824 vs.
698 1795 772 1825 161.
820 1792 908 1824 Culi-

199 1844 332 1885 gantos]
353 1843 395 1875 Id
412 1848 476 1884 est,
493 1843 619 1875 lumine
640 1843 721 1875 solis
745 1842 908 1884 privatas,

206 1893 252 1926 ob
281 1894 427 1926 reditum
458 1894 539 1926 solis
574 1894 608 1926 in
651 1903 712 1925 sua
751 1893 908 1934 vestigia.

207 1945 351 1987 Abrupta
375 1945 453 1986 sole]
486 1944 526 1976 Id
551 1948 614 1983 est,
639 1943 799 1987 Abrupto
827 1944 908 1976 solis
930 1943 939 1952 '

204 2005 321 2029 cursu.

250 2051 315 2080 326
337 2046 547 2089 Impavidnm]
577 2046 622 2079 Se
652 2045 742 2078 enim
769 2045 804 2078 in
832 2049 909 2078 tuto

207 2100 370 2140 sperabat
389 2098 461 2131 fore
475 2099 565 2140 apud
581 2098 706 2140 Argos.
750 2097 909 2140 Erinnys]

209 2152 324 2184 Furia.
358 2151 470 2183 Furiae
484 2150 573 2183 enim
589 2150 758 2191 Erinnyes
774 2149 909 2182 Graecis

209 2202 423 2234 dicebantur.

251 2255 315 2284 32⁷
338 2253 472 2285 Immota
487 2252 637 2294 Atropos]
659 2250 825 2293 Atropos,
840 2259 911 2282 una

209 2313 252 2335 ex
269 2303 398 2335 Parcis.
441 2303 530 2335 Vide
547 2313 650 2345 supra
668 2313 716 2335 vs.
732 2305 806 2335 111.
844 2303 909 2334 Im-

207 2353 308 2394 mota]
342 2353 433 2386 Quia
458 2352 662 2386 inflexibiles
688 2364 728 2386 ac
754 2354 909 2386 inexora-

211 2404 298 2437 biles
313 2409 412 2437 erant
436 2404 571 2445 Parcae,
589 2414 650 2436 seu
675 2405 772 2437 Fata.
818 2405 910 2438 Nam

211 2455 402 2487 secundnm
435 2460 585 2495 veteres,
620 2455 711 2497 quod
735 2455 829 2487 Fatis
851 2455 910 2487 de·

210 2505 432 2547 cernebatur,
456 2505 670 2537 immutabile
694 2509 780 2538 erat.

255 2560 318 2589 328
355 2559 507 2601 Ogygiis]
539 2559 719 2592 Thebanis.
781 2560 912 2592 mutata

201 2609 368 2648 furoribus
382 2611 491 2652 antra]
517 2612 555 2643 ld
572 2616 637 2651 est,
656 2612 690 2643 in
707 2611 828 2654 quibus
844 2611 911 2644 Or-

210 2661 265 2703 gia
295 2661 426 2693 Bacchi
454 2662 631 2695 celebrata
659 2662 810 2705 fuerunt,
834 2673 910 2695 cum

210 2712 319 2744 solitis
347 2711 531 2752 furoribus,
554 2718 590 2746 et
621 2715 802 2747 ululatibus
823 2715 910 2747 Bac-

200 2759 364 2795 charum.
404 2763 570 2804 Virgilius
595 2764 728 2798 AEneid.
745 2774 796 2797 ιν.
820 2765 910 2798 ‘Or-

212 2815 279 2857 gia,
294 2818 549 2856 nocturnusque
570 2820 670 2847 vocat
688 2816 837 2849 clamore
854 2816 910 2848 Ci-

1002 1694 1067 1723 829
1098 1691 1146 1723 Et
1180 1691 1314 1733 pingues
1342 1690 1485 1723 Bucolico
1510 1690 1662 1730 sanguine

960 1741 1066 1782 colles]
1088 1741 1131 1773 Id
1154 1745 1220 1779 est,
1246 1745 1397 1773 montem
1423 1741 1664 1782 Citheronem,

962 1802 1062 1834 quem
1084 1796 1194 1824 mater
1216 1791 1337 1834 Agave
1360 1790 1571 1833 pingnefecit
1585 1800 1663 1823 sun·

962 1843 1063 1884 guine
1087 1843 1234 1884 peremti
1260 1842 1408 1874 Penthei
1431 1842 1482 1874 sni
1501 1842 1578 1882 filii,
1607 1841 1663 1874 vel

963 1903 1063 1935 quem
1079 1893 1338 1935 pinguefaciunt
1351 1886 1568 1926 Bucchantes
1583 1902 1663 1934 pro—

963 1943 1038 1985 prio
1053 1943 1228 1985 sanguine,
1249 1953 1325 1976 cum
1341 1953 1379 1976 se
1393 1942 1535 1976 caedunt
1549 1943 1586 1975 in
1601 1943 1662 1976 ho·

962 2003 1078 2026 norem
1093 1994 1235 2026 Bacchi.

1005 2048 1070 2078 330
1085 2045 1200 2086 Molle]
1212 2046 1283 2077 Pro
1294 2045 1454 2077 molliter.
1486 2044 1663 2087 Cithoeron]

964 2097 1138 2129 Citbaeron
1153 2106 1250 2128 mons
1266 2095 1426 2136 Boeotiae,
1440 2101 1479 2127 ut
1489 2095 1564 2138 jam
1576 2095 1663 2128 dixi-

962 2158 1047 2181 mus.
1079 2148 1170 2180 Vide
1186 2157 1291 2189 supra
1307 2157 1356 2179 vs.
1372 2149 1446 2180 114.

1006 2201 1069 2230 331
1092 2198 1282 2239 Lassantque
1301 2197 1510 2239 [lapsumque]
1531 2197 1665 2230 Lamum

961 2250 1089 2283 habent
1104 2251 1233 2292 priores
1257 2249 1436 2292 editiones,
1463 2249 1524 2282 sed
1546 2250 1663 2292 legen-

963 2301 1057 2341 dum,
1078 2302 1210 2343 lapsum,
1241 2300 1276 2332 id
1303 2304 1369 2338 est,
1391 2305 1605 2342 vergentem,
1623 2303 1664 2333 ut

963 2353 1053 2386 bene
1074 2357 1191 2385 monet
1207 2352 1402 2385 Gronovius
1425 2362 1503 2394 cap.
1518 2355 1572 2385 38.
1593 2361 1663 2384 suae

963 2404 1155 2437 Diatribes.
1175 2405 1185 2421 ⁸
1199 2403 1351 2437 Cadere’
1367 2403 1457 2435 enim
1470 2411 1530 2435 seu
1544 2403 1555 2420 ‘
1570 2402 1641 2434 labi
1654 2401 1663 2416 '

965 2456 1103 2495 dicitur,
1129 2455 1219 2498 quod
1244 2454 1420 2496 dependet
1434 2457 1494 2486 aut
1515 2461 1662 2495 propen-

965 2506 1036 2539 det.
1081 2506 1200 2538 Silius:
1234 2505 1244 2522 ‘
1265 2505 1406 2546 lmoque
1433 2502 1530 2536 cadit
1557 2502 1664 2535 barba

965 2556 1101 2597 hispida
1123 2553 1264 2587 mento!
1306 2553 1365 2585 Sic
1391 2557 1428 2585 et
1454 2552 1664 2585 Claudianus

965 2606 1009 2638 de
1026 2606 1141 2646 Raptu
1156 2603 1373 2645 Proserpinae
1397 2602 1455 2635 lib.
1471 2612 1496 2634 1.
1522 2607 1532 2621 ‘
1546 2601 1662 2642 Augu-

966 2658 1052 2689 rium
1068 2654 1177 2699 qualis
1192 2656 1322 2687 laturus
1336 2653 1486 2694 iniquum
1499 2653 1662 2694 Praeceps

966 2708 1150 2749 sanguineo
1179 2705 1350 2738 delabitur
1380 2705 1459 2745 igne
1487 2702 1663 2736 cometes:

964 2759 974 2778 ⁴
987 2761 1151 2800 Praeceps
1164 2754 1362 2796 delabitur-,²
1375 2759 1441 2797 est,
1453 2753 1490 2786 in
1505 2755 1663 2798 abrupto,

964 2813 999 2845 in
1016 2809 1185 2854 praecipiti
1203 2806 1343 2851 pendet.
