1820 3068
220 239 306 282 798

719 250 757 280 P.
792 250 986 281 PAPlNIl
1021 249 1189 281 STATn

221 346 337 388 Bina
355 358 435 400 per
455 345 652 397 ingentes
675 345 902 399 stipabant
921 347 1074 388 funera
1095 348 1265 400 portas.

221 415 392 468 Meque
413 414 560 467 ipsum
579 414 757 454 memini
774 413 883 469 (nee
901 414 1007 456 dum
1025 420 1132 468 apta
1152 410 1382 455 doloribus
1405 413 1541 471 aetas)
1564 417 1576 427 ’

222 482 379 524 Flesse
400 486 562 531 tamen,
583 482 837 535 gemituque
856 494 981 523 meos
998 495 1204 536 aequasse
1224 488 1444 536 parentes.

1605 481 1692 524 ‘200

220 551 311 592 Illa
330 554 479 592 tamen
501 550 677 604 Superi.
710 549 808 591 Nec
831 550 949 603 quod
968 550 1064 600 tibi,
1082 550 1231 601 Delia,
1250 554 1405 592 castos

221 617 496 671 Prolapsum
516 616 571 658 ad
594 617 753 667 fontes,
771 617 959 671 specula
979 620 1217 659 temerante
1238 617 1443 672 profana,

221 685 329 727 Heu
348 685 573 727 dominum
593 684 745 727 insani
765 698 856 726 non
879 698 1098 738 agnovere
1119 685 1325 737 Molossi,

223 753 435 803 Desserim
448 753 612 807 (magis,
628 756 702 795 aut
722 765 850 795 verso
867 753 990 808 quod
1012 752 1227 807 sanguine
1247 753 1382 796 fiuxit

220 893 500 935 innidiamseoere,
511 899 542 928 el
563 894 904 936 comitabanturflebili
918 894 1056 936 strepitu
1076 905 1133 937 per
1147 905 1279 936 magmis
1291 899 1402 938 portas
1424 896 1513 928 binas
1533 895 1691 938 exequias.

221 937 254 968 F
252 947 293 976 go
309 948 428 979 quoque
450 939 595 970 recordor
617 938 699 977 (etsi
713 948 782 970 mea
802 937 940 976 infantia
959 939 1096 970 nondum
1110 948 1211 980 capax
1234 943 1313 971 esset
1327 938 1467 980 doloris)
1483 941 1622 981 plorasse
1641 942 1692 970 tu-

221 989 304 1019 men,
317 984 348 1012 et
370 991 504 1023 aquasse
528 983 615 1013 luctu
633 985 781 1022 parentes
803 991 896 1012 meos.
943 980 1026 1012 Hoec
1053 985 1156 1013 tamen
1172 982 1231 1013 Dii
1246 981 1404 1021 fecerunt.
1453 983 1522 1014 Nec
1541 982 1575 1013 id
1589 981 1693 1020 magis

222 1023 462 1064 deploraverim,
477 1026 557 1065 quod
572 1034 666 1056 causa
681 1028 747 1065 tua,
762 1035 779 1054 ο
793 1024 902 1062 Delia,
921 1024 980 1055 heu
994 1024 1100 1055 rabidi
1113 1034 1205 1056 canes
1219 1035 1280 1057 non
1301 1028 1496 1065 agnoverunt
1517 1025 1625 1057 herum
1637 1025 1691 1055 de-

222 1066 321 1098 laeum
335 1068 376 1099 ad
393 1048 686 1110 pnd’icumfontem,
708 1048 747 1099 ut,
758 1077 828 1100 eum
849 1067 978 1098 violaret
996 1076 1039 1098 ex
1051 1067 1149 1109 impia
1168 1068 1310 1109 specula:
1335 1071 1390 1100 aut
1404 1069 1485 1111 quod
1498 1068 1611 1110 regina
1625 1076 1692 1099 mu-

842 1163 884 1176 n
889 1163 928 1178 (Ι
932 1164 1055 1177 “UO-‘O
1061 1165 1080 1179 ¹(

222 1249 292 1280 que,
326 1244 356 1272 et
393 1241 496 1281 longo,

525 1243 579 1282 &a
626 1241 715 1275 Quae
740 1240 861 1282 utique
890 1251 972 1273 vera
999 1245 1050 1272 est
1075 1241 1207 1273 lectio!
1230 1241 1470 1275 Barth—201.
1486 1244 1550 1274 202
1573 1241 1694 1274 Mark-

222 1282 346 1314 landus
372 1283 415 1315 ad
446 1284 539 1326 Sylv.
567 1293 609 1316 11.
636 1287 668 1316 6.
696 1287 751 1315 80.
779 1284 890 1322 legit:
916 1294 971 1316 nec
997 1285 1079 1326 quod
1102 1287 1145 1325 le,
1169 1284 1278 1321 Delia,
1310 1287 1411 1316 castos
1437 1285 1623 1325 prolapsum
1651 1287 1693 1316 nd

212 1326 323 1363 sontes
341 1327 463 1368 specula
489 1330 653 1359 temerare.
679 1326 788 1359 Codd.
817 1327 985 1359 Gronovii
1007 1331 1044 1359 et
1062 1327 1150 1360 Dan.
1181 1327 1586 1369 etiam,temerare.—2os
1610 1327 1694 1360 Put-

888 1413 920 1445 N
928 1412 1030 1445 0⁷1¹AE

222 1498 321 1531 quos,
334 1489 475 1532 fataque
492 1490 618 1532 injusta
647 1488 831 1521 vocabant.
876 1490 932 1522 In-

222 1540 343 1572 vidiam
358 1541 449 1572 enim
471 1542 599 1582 planxit
618 1541 712 1577 Deis,
739 1541 796 1582 qui
815 1549 933 1571 eorum

222 1591 391 1622 saevitiam
423 1592 622 1633 plangendo
662 1591 697 1622 in
727 1590 843 1623 odium
873 1591 932 1622 ad-

223 1641 336 1674 duxit.
384 1641 430 1674 Et
445 1642 480 1674 in
505 1641 672 1684 ejusmodi
701 1641 850 1683 casibus,
867 1650 932 1673 non

223 1692 332 1723 solum
357 1692 465 1735 iniqui
495 1693 557 1725 Dii
585 1693 714 1734 vocati,
736 1692 796 1724 sed
815 1702 932 1724 eorum

223 1743 354 1784 templa
395 1743 564 1785 lapidata,
589 1753 719 1776 eversae
755 1743 934 1785 imagines,

224 1793 396 1834 contritae,
412 1794 445 1825 in
469 1794 643 1835 publicum
660 1793 819 1835 abjectae.
863 1793 933 1824 Ex-

225 1844 492 1886 empla-passim
507 1845 609 1877 obvia
634 1844 725 1887 apud
743 1843 870 1876 Poe'tas
896 1848 933 1876 et

223 1895 425 1937 scriptores.
482 1894 643 1928 Invidiam
663 1894 841 1936 planxere]
866 1894 933 1926 Lu-

224 1955 332 1978 canus
344 1946 404 1979 lib.
422 1956 465 1979 11.
511 1947 522 1965 ⁴
539 1947 615 1979 Nec
631 1946 745 1979 defuit
760 1947 826 1979 aris
843 1945 935 1978 Iuvi-

224 1997 317 2029 diam
332 1996 467 2029 factura
486 1997 631 2038 parens-⁹

270 2049 333 2079 198
356 2046 584 2088 Binufunera]
609 2047 678 2079 Hic
703 2046 873 2088 Papinius
883 2056 935 2078 se

225 2097 345 2140 quitur
375 2098 571 2139 opinionem
600 2108 730 2138 eorum,
757 2098 815 2139 qui
852 2107 934 2139 qua·

225 2148 419 2182 tuor-decim
444 2148 568 2181 liberos
592 2149 676 2180 dant
699 2147 834 2180 Niobe:
856 2147 937 2179 bina

227 2199 318 2231 enim
342 2198 466 2231 funera
489 2209 553 2241 per
576 2199 726 2241 singulas
741 2197 936 2230 Thebarum

225 2254 358 2293 portas,
375 2259 451 2292 quae
468 2253 600 2291 septem
624 2254 734 2286 erant,
758 2248 874 2280 efferri
887 2248 936 2280 di-

226 2301 289 2333 cit.
312 2301 380 2333 Sed
395 2300 504 2332 Theb.
515 2310 566 2332 vr.
578 2300 733 2342 sequitur
746 2299 936 2332 Homerum

226 2352 436 2385 referentem
466 2352 601 2384 Nioben
632 2351 814 2383 duodecim
835 2350 941 2382 habu-

227 2404 294 2435 isse
320 2403 449 2435 liberos
476 2407 629 2434 tantum:
666 2401 767 2435 ‘Quo
797 2401 940 2442 geminis

227 2453 344 2486 Niobe
385 2457 567 2486 consumta
599 2452 734 2493 sagittis
773 2451 939 2493 squalida

226 2504 380 2536 bissenas
411 2504 555 2546 Sipylon
590 2503 785 2535 deduxerat
811 2510 926 2533 urnas.
930 2499 939 2513 ’

229 2556 378 2589 Consule
397 2555 438 2587 A.
452 2555 600 2587 Gellium
615 2554 675 2586 lib.
692 2562 756 2586 xx.
772 2562 848 2594 cap.
861 2555 893 2584 6.

273 2609 337 2639 199
359 2606 475 2647 Meque
489 2605 590 2646 ipsum
616 2603 743 2635 memini
765 2603 838 2645 (nec
862 2603 935 2633 dum

227 2661 303 2698 apta
315 2657 471 2688 doloribus
481 2655 578 2697 oetas)
595 2655 697 2687 Flesse
707 2653 827 2694 tamen]
845 2653 935 2684 Pue-

228 2717 343 2740 rorum
357 2716 397 2738 ea
412 2712 466 2738 est
475 2706 690 2747 simplicitas,
705 2709 742 2737 ut
758 2703 935 2746 publicum

228 2758 361 2789 luctum
390 2766 457 2788 non
477 2757 632 2799 capiant,
656 2763 768 2797 neque
795 2754 937 2796 lugeant

230 2807 293 2841 nisi
309 2806 514 2840 imitatione.

1030 1492 1094 1522 201
1118 1489 1182 1522 Illa
1196 1493 1301 1522 tamen
1325 1489 1458 1532 Superi]
1483 1489 1631 1532 Supple,
1645 1488 1695 1521 se·

988 1545 1122 1573 cerunt.
1167 1542 1213 1573 Et
1241 1540 1383 1573 ascribit
1416 1540 1457 1572 iis
1479 1540 1695 1572 calamitates

988 1591 1101 1633 gentis
1115 1591 1286 1623 Thebanae
1309 1600 1415 1632 supra
1436 1590 1576 1632 relatas,
1591 1595 1628 1622 et
1642 1591 1695 1622 his

989 1641 1168 1683 exemplis,
1195 1650 1273 1684 quae
1300 1645 1382 1672 nota
1409 1645 1523 1682 erant,
1551 1640 1696 1673 miseros

989 1697 1152 1734 parentes
1178 1701 1219 1724 ac
1242 1694 1406 1732 cognatos
1435 1690 1540 1724 solari
1570 1691 1697 1723 nititur

988 1743 1145 1776 Aletlres.
1191 1741 1306 1783 Delia]
1328 1741 1447 1775 Diana
1468 1744 1552 1774 nata
1578 1740 1615 1773 in
1645 1741 1695 1773 in-

987 1795 1061 1827 sula
1074 1795 1180 1829 Delo.

1031 1848 1095 1878 202
1118 1844 1250 1887 Speeula
1265 1846 1437 1876 temerante
1457 1842 1603 1885 prosm,
1624 1842 1697 1884 ξω]

989 1895 1182 1928 Gronovius
1198 1894 1317 1927 scribit
1330 1897 1495 1926 cernet-are.
1536 1893 1698 1934 Videtur,

989 1946 1038 1978 ait
1067 1945 1137 1981 ille,
1163 1944 1292 1976 dixisse
1311 1945 1353 1976 aa
1378 1954 1486 1976 sacros
1502 1944 1613 1983 sontes
1624 1953 1698 1993 ffa-

989 1996 1110 2038 lapsum
1131 1998 1295 2035 temerare,
1314 1998 1354 2027 ut
1377 2003 1435 2027 eos
1457 1997 1644 2027 temeraret
1657 2003 1698 2027 ac

990 2046 1150 2084 violaret,
1163 2044 1440 2087 speculaprqfana.

1033 2099 1097 2129 203
1120 2096 1196 2128 Heu
1218 2096 1376 2128 dominum
1397 2096 1504 2128 insani
1524 2105 1587 2129 non
1600 2105 1698 2137 cgno-

989 2157 1063 2180 vere
1078 2145 1227 2186 Molossi]
1245 2146 1376 2188 Tangit
1396 2146 1546 2179 fabulam
1562 2144 1699 2178 Aetaeo·

992 2198 1060 2239 nis,
1076 2197 1136 2240 qui
1152 2207 1229 2229 cum
1244 2197 1483 2238 imprudenter
1504 2196 1699 2237 deprehen-

993 2248 1100 2280 disset
1136 2247 1281 2279 Dianam
1312 2247 1346 2278 in
1376 2245 1472 2278 fonte
1501 2245 1698 2287 Gargaphia

991 2298 1177 2338 lavantem,
1191 2297 1235 2329 ab
1251 2296 1325 2338 ipsa
1345 2296 1380 2327 in
1399 2305 1539 2328 cervum
1555 2304 1699 2328 conver-

996 2357 1053 2380 sus
1065 2351 1131 2387 est,
1146 2357 1293 2389 moxque
1303 2357 1324 2379 a
1339 2347 1482 2380 canibus
1491 2346 1701 2388 discerptus.

996 2398 1142 2440 Molossi]
1165 2399 1257 2433 Quia
1282 2398 1462 2439 Molossia,
1487 2406 1569 2439 pars
1589 2396 1700 2439 Epiri,

994 2450 1295 2491 praestantissimos
1310 2458 1414 2480 canes
1435 2447 1620 2488 educabat,
1641 2447 1700 2489 qui

993 2504 1029 2532 et
1041 2499 1163 2531 eodem
1183 2499 1333 2540 nomine,
1348 2508 1416 2541 quo
1429 2504 1514 2540 gens
1524 2497 1700 2540 ipsanio-

989 2549 1062 2580 lossi
1075 2548 1291 2581 dicebantur.
1335 2548 1425 2580 Vide
1449 2547 1564 2580 Gratii
1587 2547 1700 2589 Cyne-

988 2599 1124 2641 geticon
1138 2608 1187 2630 vs.
1202 2601 1276 2630 181.

1032 2653 1096 2682 204
1111 2651 1178 2681 Aut
1188 2658 1278 2681 verso
1287 2650 1368 2690 quod
1381 2648 1641 2691 suwguineflnxit
1657 2649 1699 2680 In

990 2702 1111 2735 subitos
1139 2702 1253 2742 regina
1277 2700 1380 2742 lacus]
1402 2700 1574 2742 Intelligit
1601 2699 1699 2733 fabu-

991 2755 1071 2793 lam,
1083 2762 1151 2795 qua
1175 2752 1282 2784 Dirce
1304 2751 1424 2794 regina
1442 2751 1636 2784 Thebarum
1651 2751 1702 2784 di-

992 2805 1083 2837 citur
1099 2803 1236 2845 alligata
1260 2802 1365 2835 fuisse
1389 2801 1511 2835 caudoe
1538 2803 1631 2834 tauri
1656 2801 1699 2834 ab
