1820 3068
220 178 307 222 668

755 192 797 223 Ρ.
829 191 1019 223 ΡΑΡῙΝΠ
1051 191 1216 224 8ΤΔΤῙῘ

221 286 431 340 Detegis:
463 285 652 328 assistas
673 288 813 342 operi,
833 291 999 344 tuaque
1019 290 1172 332 omina
1191 290 1355 333 firmeS.

221 354 407 410 Semper
426 355 687 396 honoratam
707 356 920 399 dimensis
938 359 1120 400 orbibus
1139 359 1240 400 anni

1600 362 1687 404 505

219 422 287 464 Te
307 422 467 464 domus
485 423 574 465 ista
594 423 736 465 colet:
766 425 876 478 nigri
896 426 993 477 tibi,
1016 425 1152 479 Diva,
1170 427 1362 471 litabunt

218 490 377 532 Electa
397 491 569 533 cervice
590 504 758 546 greges,
778 493 1070 549 lustraliaque
1090 500 1200 538 exta

220 560 360 602 Lacte
381 572 496 601 novo
516 560 720 614 perfusus
740 561 845 604 edet
864 562 1118 606 Vulcanius
1139 564 1271 618 ignis.

219 627 355 669 Salve
375 628 526 682 prisca
545 628 656 670 fides
679 629 914 684 tripodum,
937 633 1205 687 obscurique
1231 644 1454 675 recessus.

218 754 290 786 beas
304 759 358 788 tua
373 757 546 797 proesagia.
591 757 673 789 Hoec
687 758 795 789 domuc
809 760 841 789 te
855 767 974 798 semper
987 758 1065 790 colet
1079 762 1110 790 et
1125 760 1323 794 venerabitur
1337 762 1440 805 finito
1452 761 1596 803 cujusque
1609 761 1686 794 anni

217 798 389 830 curriculo:
405 799 511 839 surm
534 802 666 841 pecudes
689 801 806 832 delecto
831 800 932 841 cupite
958 800 1032 841 tibi,
1058 802 1156 843 Diva,
1177 803 1432 845 immolabuntur,
1453 809 1485 837 et
1498 805 1585 845 ignis
1597 814 1685 836 sacer

225 841 360 874 Vulcano
391 843 511 875 recenti
535 844 615 876 lacte
637 853 794 885 respersus
813 847 970 875 consumet
994 848 1071 877 exta
1095 846 1251 880 lustralia.
1297 847 1389 881 Salve
1410 849 1544 890 antiqua
1566 848 1685 880 veritas

816 939 1059 953 ‘amnone'

224 1004 317 1037 vocis
341 1006 556 1044 anfractibus?
580 1006 641 1040 sed
658 1007 736 1040 vide
762 1016 822 1041 111.
846 1011 924 1042 615.
948 1013 985 1042 et
1007 1019 1059 1043 rv.
1085 1010 1173 1043 643!
1198 1011 1422 1045 Burm.—-508
1446 1011 1612 1047 Heinsius
1639 1013 1681 1044 ad

880 1117 1025 1151 NOTAE

257 1193 321 1223 503
358 1192 520 1234 Exordia]
558 1193 727 1236 Decreta,
755 1203 814 1227 seu
846 1204 921 1227 ora-

215 1242 304 1274 cula.

257 1297 321 1326 504
359 1295 475 1337 Operi]
512 1297 655 1339 Supple,
686 1301 757 1330 tuo.
803 1297 922 1330 Noctu

215 1345 305 1376 enim
325 1353 527 1388 agnoverat,
544 1356 628 1389 quos
651 1346 758 1379 affore
777 1357 921 1389 generos

213 1398 389 1431 cecinerat
413 1399 574 1432 Phoebus.
618 1400 757 1432 Idcirco
782 1401 848 1433 hoc
873 1401 922 1434 illi

211 1448 384 1488 attribuit,
399 1453 435 1482 et
453 1451 581 1492 gratias
597 1451 680 1493 agit.
706 1450 831 1494 Tuoque
844 1452 921 1484 omi-

211 1509 252 1531 na
257 1499 387 1542 firmes]
411 1501 454 1533 Id
470 1507 536 1544 est,
562 1502 707 1545 impleas
723 1503 919 1545 nuptiarum

211 1551 458 1584 celebratione.

253 1604 316 1633 505
341 1602 503 1635 Dimensis
525 1603 666 1645 orbibus]
702 1604 826 1637 Finitis
851 1605 920 1637 sin-

214 1653 304 1694 gulis
322 1653 419 1685 annis
443 1653 677 1686 anniversaria
699 1664 797 1687 sacra
821 1656 917 1689 nocti

214 1705 399 1745 promittit.
449 1705 499 1738 Ut
534 1706 626 1747 apud
656 1705 841 1748 Virgilium
860 1706 915 1738 IE-

208 1755 303 1788 neid.
320 1764 356 1789 v.
379 1759 388 1774 ‘
402 1755 525 1788 Annua
537 1761 617 1789 vota
633 1757 773 1791 tamen?

251 1809 317 1838 506
344 1804 457 1849 Nigri]
472 1806 635 1840 Victimoe
650 1808 740 1841 enim
757 1808 844 1852 nigri
860 1819 916 1842 co-

209 1857 291 1890 loris
314 1858 581 1892 immolabantur
602 1860 710 1902 nocti,
724 1864 763 1893 ut
788 1865 824 1894 et
839 1861 918 1894 Diis

207 1906 344 1941 inferis.
388 1909 555 1952 Virgilius
571 1909 706 1944 AEneld.
724 1920 781 1949 Avr.
811 1913 821 1930 ⁸
835 1911 919 1954 Ipse

210 1960 276 1992 atri
293 1960 430 1992 velleris
453 1970 576 2003 agnam
592 1961 716 1993 AEneas
731 1961 834 1994 matri
850 1963 920 1994 Eu-

209 2010 396 2052 menidum,
411 2021 614 2054 magnaeque
636 2012 746 2044 sorori
762 2013 853 2045 Ense
868 2013 920 2045 fe-

209 2062 279 2095 rit!
336 2063 508 2106 Litalmnt]
543 2064 669 2106 Litore,
699 2069 754 2096 est
780 2065 920 2107 proprie

209 2115 397 2157 καλλιερεῖν,
412 2125 475 2148 seu
499 2115 582 2148 laeta
604 2120 640 2148 et
657 2124 825 2158 prospera
840 2120 921 2148 exta

209 2165 434 2199 sacrificando
449 2166 594 2199 habere.

252 2220 316 2250 507
339 2219 450 2251 Electa
465 2217 599 2259 cervice]
623 2217 736 2250 Multa
753 2217 843 2249 enlm
860 2227 918 2250 cu-

176 2263 181 2269 ’
209 2277 248 2300 ra
263 2269 413 2302 victimae
430 2268 662 2310 eligebantur,
679 2271 718 2300 ut
740 2268 818 2301 Diis
834 2269 919 2301 nihil

208 2319 275 2352 nisi
301 2320 440 2363 dignum
470 2318 668 2352 offerretur.
713 2318 839 2351 Pollux
868 2319 919 2352 ait

188 2413 190 2415 ‚
208 2371 405 2413 oportuisse
421 2380 497 2403 esse
518 2369 674 2403 omnibus
690 2369 866 2412 membris,
881 2375 918 2404 et

208 2421 351 2455 artubus
380 2419 546 2463 integras,
573 2429 641 2452 non
671 2421 821 2458 mutilas,
849 2430 917 2453 non

206 2474 321 2515 laesas,
350 2483 416 2506 non
445 2472 623 2505 distortas.
683 2470 919 2516 Lustraliaque]

207 2525 275 2558 Vel
303 2524 455 2567 pinguia,
476 2524 557 2567 quia
585 2530 745 2556 censores
772 2529 914 2567 peracto

207 2576 329 2613 lustro,
341 2576 485 2618 opimas,
497 2575 708 2618 pinguesque
721 2584 761 2607 ac
771 2574 914 2608 eximias

209 2627 364 2659 victimas
387 2626 621 2659 immolabant.
669 2625 728 2658 Ob
752 2621 788 2658 id
810 2626 921 2671 enim,

209 2686 272 2718 per
288 2676 541 2718 quinquennale
564 2681 699 2719 tempus
723 2686 860 2720 pecora,
876 2681 915 2711 ut

208 2722 336 2759 devota
365 2725 545 2760 sacrificiis
575 2727 831 2771 nutriebantur,
865 2727 916 2762 ait

209 2776 426 2819 Lactantius,
450 2780 487 2810 et
511 2776 591 2810 ideo
614 2776 802 2820 ‘pinguim’
847 2778 914 2811 Vel

974 1194 1118 1237 quia‚ut
1146 1195 1197 1228 ait
1224 1195 1406 1228 Turnebus
1444 1196 1590 1229 Advers.
1619 1197 1682 1231 lib.

975 1255 1040 1279 vn.
1057 1257 1133 1288 cap.
1159 1250 1213 1280 18.
1257 1248 1267 1265 ‘
1284 1247 1384 1281 Quod
1400 1256 1478 1280 cum
1493 1248 1609 1281 omnia
1627 1258 1682 1282 sn-

974 1307 1034 1330 cra
1048 1308 1110 1330 nos
1126 1303 1284 1340 purgent,
1300 1303 1337 1331 et
1352 1299 1511 1340 lustrent,
1525 1304 1680 1332 extorum

973 1357 1033 1380 esu
1048 1349 1083 1380 irl
1098 1349 1242 1381 maxime
1258 1350 1510 1388 consequimur,
1521 1354 1557 1382 et
1573 1351 1680 1383 sacri-

976 1400 1130 1433 ficiorum
1148 1401 1335 1443 participes
1357 1411 1485 1443 sumus,
1513 1412 1533 1433 a
1557 1402 1681 1445 quibus

975 1450 1070 1494 impii
1117 1451 1301 1484 arcentur?
1366 1450 1496 1485 Iisdem
1540 1452 1681 1486 vocibus

974 1513 1055 1535 usus
1072 1509 1148 1536 erat
1163 1504 1285 1545 Virgil.
1308 1503 1370 1537 lib.
1392 1513 1477 1536 vm.
1500 1505 1681 1538 ‘Vescitur

974 1555 1100 1587 AEueas
1129 1555 1242 1596 simul,
1268 1559 1305 1587 et
1328 1555 1478 1597 Trojana
1511 1556 1680 1597 juventus

972 1605 1139 1646 Perpetui
1162 1611 1259 1647 tergo
1285 1604 1393 1646 bovis,
1417 1610 1453 1637 et
1478 1605 1679 1638 lustralibus

972 1653 1090 1687 extis!
1133 1654 1296 1687 Matralia
1321 1658 1396 1687 exta
1421 1660 1524 1688 vocat
1549 1653 1679 1698 Livius,

971 1705 981 1723 ⁴
992 1705 1172 1746 solennia‚'
1186 1705 1232 1738 ob
1247 1706 1388 1739 solenne
1403 1706 1620 1740 sacrificinm.

1013 1759 1077 1788 508
1092 1755 1192 1788 Lacte
1203 1755 1490 1799 nosoJ'Sacriflcia
1503 1758 1681 1791 numinum

969 1806 1169 1848 inferorum,
1193 1807 1286 1840 inter
1333 1816 1385 1840 nae
1415 1803 1624 1842 censebatur
1643 1812 1681 1842 et

971 1868 1052 1899 nox,
1073 1862 1111 1890 et
1132 1858 1298 1891 minorum
1352 1862 1469 1891 eornm
1483 1859 1575 1892 lacte
1601 1868 1681 1902 per-

972 1908 1216 1941 fundebantur.
1261 1907 1347 1941 Edet
1385 1909 1553 1942 Vulcanius
1576 1909 1678 1952 ignis]

973 1959 1064 1993 Quia
1093 1959 1127 1991 in
1152 1957 1328 1991 sacrificiis
1355 1964 1489 2000 partem
1527 1960 1678 1994 victimae

972 2009 1167 2042 adolebant.
1226 2007 1320 2050 Ignis
1355 2009 1526 2044 Vulcanius
1552 2011 1679 2054 dictus3

973 2060 1065 2104 quod
1075 2058 1253 2093 Vulcanus
1270 2059 1342 2102 igni
1358 2061 1518 2103 praeerat.

1015 2116 1081 2146 509
1105 2111 1233 2153 Prisca]
1257 2111 1315 2144 Ob
1337 2111 1580 2155 antiquitatem
1601 2122 1676 2145 ora-

971 2164 1040 2196 culi
1061 2161 1236 2205 Delphici.
1282 2161 1469 2204 Tripodum]
1493 2163 1548 2195 De
1574 2162 1678 2205 signi·

971 2214 1076 2246 ficatu
1089 2213 1235 2255 tripodis
1252 2220 1320 2245 non
1335 2213 1555 2245 consentiunt
1567 2214 1676 2258 scrip-

971 2269 1072 2298 tores.
1118 2263 1290 2297 Homerus
1307 2262 1406 2296 Iliad.
1421 2266 1458 2296 Φ.
1474 2263 1615 2298 videtur
1625 2266 1677 2298 in-

971 2325 1075 2348 nuere
1091 2324 1150 2348 vas
1165 2314 1283 2352 misse,
1300 2313 1393 2358 quod
1409 2313 1518 2347 tribus
1530 2313 1676 2358 pedibus

970 2366 1215 2404 sustinebatur-g
1239 2370 1276 2398 et
1294 2364 1439 2398 haberet
1463 2375 1574 2406 ausas,
1603 2366 1675 2399 sive

971 2424 1083 2458 aures,
1118 2415 1242 2459 quibus
1269 2419 1463 2458 caperetur.
1516 2415 1675 2449 Callima-

971 2469 1055 2503 chus
1073 2469 1107 2501 in
1118 2468 1255 2500 lavacro
1271 2467 1395 2499 Dianae
1412 2465 1595 2508 tripodem,
1607 2468 1674 2500 sel-

969 2524 1036 2555 lam
1057 2518 1163 2552 fnisse
1185 2516 1269 2550 dicit
1285 2516 1393 2550 tribus
1406 2515 1553 2560 pedibus
1566 2517 1677 2552 innix-

968 2570 1108 2613 am,‚cui
1123 2567 1257 2615 *Pythla
1271 2567 1422 2601 insidens
1439 2571 1580 2603 oracula
1596 2573 1673 2604 red-

968 2613 1090 2664 debat}
1115 2619 1321 2653 Hellanicus
1334 2627 1393 2652 vas
1415 2619 1586 2653 cineribus
1602 2622 1674 2664 ple-

967 2668 1080 2707 11an>
1100 2668 1228 2705 Strabo
1239 2667 1436 2712 speluncam
1448 2670 1674 2712 profundissi-

970 2734 1070 2764 mam.
1115 2719 1318 2756 Lactantius
1334 2718 1420 2753 lauri
1446 2722 1597 2763 speciem
1620 2722 1672 2756 fu-

969 2775 1035 2808 isse
1052 2768 1111 2807 ait.
1156 2770 1248 2805 Vide
1263 2776 1302 2804 et
1315 2770 1538 2806 Plutarchum
1561 2774 1594 2806 in
1610 2773 1670 2808 So.
