1820 3068
251 257 336 300 924
758 271 797 300 P.
830 270 1022 302 ΡΑΡιΝῑι
1058 271 1223 303 ετΑτιι

251 362 465 414 Numina,
487 368 533 405 et
553 363 725 406 insanae
744 364 846 418 plus
862 364 959 418 jam
981 366 1235 420 permittere
1257 365 1431 420 linguae.

248 430 380 472 Talia
395 431 500 472 dum
521 432 641 485 patri
653 428 783 473 'canit
802 433 1063 474 intemerata
1083 432 1309 484 sacerdOS,

250 497 379 540 Illius
401 499 531 541 elatis
552 500 816 541 tremefacta
836 513 1066 554 assurgere
1084 501 1207 543 vittis
1632 498 1719 542 580

240 564 466 617 Canities,
487 568 695 621 tenuique
714 567 884 621 impelli
906 569 1117 621 sanguine
1140 567 1300 609 vultus.

250 632 351 675 Nec
364 634 460 688 Jam
481 634 673 676 firmanti
693 635 872 684 baculo,
893 647 976 676 nec
998 635 1165 688 virgine
1185 634 1277 676 fida

241 699 442 742 Nititur:
474 705 734 756 erectusque
756 701 870 752 solo,
890 702 1071 743 Desiste
1100 702 1317 753 canendo,

249 767 386 818 Nata,
408 769 488 820 ait,
510 773 710 817 externae
731 769 844 811 satis
865 775 935 810 est
953 769 1059 810 mihi
1078 769 1208 820 luciS,
1228 770 1392 812 inertes

249 834 502 878 Discedunt
518 837 710 887 nebulae,
729 841 773 879 et
786 837 963 879 ‘vultum
981 838 1100 890 niger
1119 838 1246 879 exuit
1267 837 1358 880 a'et.
1632 837 1717 880 585

249 902 507 954 Umbrisne‚
528 917 584 946 an
604 917 772 959 supero
792 919 862 946 me
879 905 1045 946 missus
1066 904 1279 959 Apolline
1298 905 1492 960 complet

249 970 475 1024 Spiritus?
506 984 559 1013 en
579 972 713 1015 video
737 985 1037 1026 quaecumque
1059 972 1226 1015 audita.
1271 972 1360 1014 Sed
1382 985 1490 1015 ecce

250 1035 447 1080 Moerent
466 1037 670 1093 Argolici
693 1039 868 1094 dejecto
889 1039 1054 1081 lumine
1075 1053 1246 1082 manes.

247 1101 433 1147 Torvus
447 1104 589 1158 Abas,
604 1107 880 1162 Proetusque
901 1120 1086 1158 nocens,
1106 1108 1318 1162 mitisque
1339 1107 1616 1161 PhoroneuS,

245 1170 591 1227 Truncatusque
613 1172 799 1229 Pelops,
822 1178 867 1216 et
887 1187 1010 1217 saevo
1030 1173 1213 1230 pulvere
1233 1174 1413 1217 sordens
1626 1176 1713 1219 590

236 1294 306 1334 jam
320 1296 438 1326 amenti
450 1296 567 1336 linguoe
581 1297 754 1337 indulgere.
801 1298 890 1329 Dum
913 1297 1047 1338 innupta
1072 1298 1220 1330 antistita
1245 1299 1310 1331 haec
1330 1298 1418 1340 patri
1437 1299 1547 1337 refert.
1569 1298 1635 1339 ejus
1651 1302 1712 1331 tre-

244 1336 380 1375 mefacta
393 1339 526 1370 canities
540 1339 677 1379 erigitur
691 1340 782 1372 elatis
796 1341 901 1379 vittis,
923 1344 954 1371 et
960 1341 1066 1379 facies
1077 1341 1195 1372 modico
1209 1342 1320 1373 rubore
1333 1341 1550 1383 suffunditur:
1572 1351 1628 1372 nec
1641 1341 1715 1380 jam

237 1379 377 1418 fulcitur
389 1382 536 1422 scipione,
551 1392 610 1423 quo
623 1383 713 1423 prius
725 1383 971 1418 sustentabatur,
987 1392 1042 1414 nec
1046 1383 1142 1425 fideli
1155 1385 1257 1424 puella
1266 1395 1279 1422 ,-
1295 1387 1326 1416 et
1339 1386 1441 1416 elatus
1455 1394 1471 1416 e
1485 1387 1586 1422 terra,
1597 1383 1714 1425 inquit,

246 1422 336 1454 Filia
349 1424 433 1465 loqui
447 1425 564 1465 desine,
576 1426 655 1457 satis
669 1425 764 1457 habeo
779 1426 906 1457 luminis
921 1426 1057 1457 externi.
1101 1426 1229 1466 Migrat
1242 1428 1350 1466 segnis
1364 1427 1480 1467 caligo,
1497 1430 1529 1458 et
1533 1427 1647 1465 fuscus
1659 1426 1714 1458 aer

244 1465 374 1506 reliquit
388 1468 507 1498 vultum
520 1477 632 1499 meum.
676 1468 828 1509 Spiritus,
853 1468 907 1509 qui
932 1477 980 1499 me
1006 1469 1116 1509 replet,
1142 1469 1301 1501 immissus
1319 1479 1358 1501 ne
1372 1472 1419 1501 est
1433 1469 1472 1500 ab
1486 1469 1616 1508 umbria,
1636 1479 1679 1500 an
1692 1478 1713 1500 a

243 1517 355 1548 supero
371 1510 539 1550 Apolline?
566 1511 617 1541 En
631 1520 722 1542 cerno
737 1520 933 1551 quoecumque
947 1511 1077 1550 vulgata
1092 1515 1175 1543 sunt.
1222 1512 1287 1543 Sed
1299 1522 1367 1543 ecce
1381 1513 1484 1543 dolent
1499 1513 1630 1551 Argiva
1644 1521 1711 1542 um·

245 1551 309 1581 brae
323 1552 464 1584 demissis
479 1553 585 1585 oculis.
630 1553 718 1585 Trux
732 1553 830 1594 Abas,
840 1563 970 1593 sonsque
987 1554 1123 1590 Proetus,
1137 1565 1174 1585 ac
1189 1554 1269 1586 lenis
1283 1555 1478 1590 Phoroneus,
1492 1555 1713 1595 mutilatasque

238 1593 370 1635 Pelops,
391 1598 424 1627 et
448 1595 620 1628 OEnomaus
645 1597 763 1628 crudeli
787 1596 941 1636 sanguine
966 1596 1137 1637 squalidus,
1160 1596 1270 1637 rigant
1296 1597 1400 1629 vultus
1410 1596 1542 1638 copiosis
1556 1596 1714 1639 lacrymis.

858 1684 1099 1698 ooeeooeeoeoae

243 1743 391 1772 reeentt.
405 1749 474 1772 non
489 1739 637 1772 habetur
650 1740 690 1772 τὸ
704 1744 871 1774 esa—581
896 1743 993 1774 Unus
1006 1742 1129 1774 Behot.
1144 1742 1305 1784 tenuisque
1319 1741 1439 1782 impelli
1447 1751 1459 1779 ,·
1483 1741 1572 1774 alter
1583 1740 1710 1774 Behot.

243 1782 330 1814 tenui
342 1782 482 1823 impelli5
504 1784 646 1815 Venett.
674 1784 772 1816 Rom.
795 1788 831 1816 et
858 1793 944 1816 unus
960 1784 1070 1816 codex
1092 1785 1285 1817 Bernartii:
1306 1784 1427 1826 impleti
1439 1784 1712 1825 sanguina—582

189 1832 191 1835 ·
244 1827 254 1843 ‘
269 1825 364 1857 Libri
375 1826 457 1857 nihil
472 1831 621 1863 mutant,
639 1831 676 1867 et
691 1832 807 1858 tamen
823 1831 1023 1867 suspectum
1039 1827 1114 1860 haec
1136 1828 1295 1869 quaedam
1311 1827 1472 1860 tinniunt.
1522 1826 1621 1859 Dicit
1632 1834 1710 1868 pro·

244 1867 417 1900 cubuisse.
462 1869 567 1900 Forte
582 1865 721 1910 scripsit
736 1869 926 1910 Papinius:
953 1869 1099 1909 Necjam
1113 1869 1228 1911 firmat
1245 1870 1309 1902 iter
1329 1869 1456 1901 baculo!
1479 1870 1710 1910 Barth.„—584

243 1910 405 1951 Optimus
431 1911 565 1943 Barthii
588 1911 722 1944 codex:
744 1916 874 1944 aeternoe
898 1912 978 1944 satis
1005 1916 1170 1945 esc—585
1195 1913 1398 1944 Descendunt
1423 1911 1542 1944 nebula.-
1569 1913 1650 1944 Put.
1675 1918 1711 1943 et

243 1963 330 1985 unus
360 1953 595 1987 Babae-586
617 1955 698 1987 Put.
720 1965 832 1996 supero
856 1956 1123 1988 dimissum—591
1147 1956 1254 1997 Lang.
1275 1956 1380 1988 Laur.
1405 1954 1540 1987 Buslid.
1557 1955 1710 1996 Lipsian.

902 2041 1046 2075 NOTAE
1337 2074 1340 2075 γ

283 2107 348 2137 578
370 2104 576 2146 Permittere]
589 2105 763 2138 Licentius
777 2106 873 2147 loqui
888 2115 947 2138 ex·
1044 2108 1108 2138 587
1130 2104 1270 2146 Audita]
1294 2105 1348 2136 De
1363 2102 1489 2136 Inferis
1503 2112 1639 2145 nempe.

243 2155 362 2188 tinctis
386 2155 515 2197 liberis,
537 2166 620 2199 quos
647 2166 715 2188 non
739 2161 855 2198 potest
878 2166 947 2188 am·
1044 2159 1109 2188 588
1132 2156 1266 2196 Deiecto
1285 2154 1415 2196 lumine]
1451 2154 1552 2189 Quod
1573 2155 1706 2196 signum

242 2205 332 2247 plius
348 2206 521 2239 amittere.
564 2205 655 2238 Vide
672 2207 780 2238 Theb.
797 2215 856 2238 111.
873 2209 948 2239 180.
1003 2211 1057 2238 est
1075 2207 1241 2247 tristitiae,
1255 2211 1293 2238 et
1307 2205 1462 2246 pudoris.

243 2265 352 2298 usque
367 2256 411 2288 ad
434 2259 511 2289 203.
532 2256 589 2289 ubi
610 2257 687 2288 haec
709 2255 816 2288 fusius
838 2256 949 2298 expli·
1045 2258 1110 2288 589
1133 2257 1251 2287 Torvus
1265 2254 1365 2295 Abas]
1380 2254 1472 2286 Abas
1488 2263 1551 2286 rex
1562 2253 1713 2296 Argivo·

243 2312 380 2339 cantur.
1002 2316 1089 2338 rum.
1138 2306 1269 2348 Torvus]
1290 2305 1382 2338 Quia
1397 2304 1496 2336 ferox
1516 2307 1554 2336 et
1567 2304 1707 2339 bellico-

286 2360 351 2389 579
373 2356 486 2399 Patri]
507 2357 661 2389 Tiresiae.
1001 2366 1069 2389 sus.
1091 2357 1279 2397 Proetusque
1292 2355 1419 2397 nocens]
1433 2355 1573 2387 Proetus
1589 2354 1706 2387 Aban·

286 2410 350 2439 580
374 2406 484 2449 Illius]
520 2407 672 2440 Tiresiae.
721 2407 836 2449 Victis]
859 2406 948 2441 Quia
1003 2408 1046 2439 tis
1063 2407 1153 2439 tilius
1170 2416 1231 2439 rex
1246 2406 1429 2447 Argorum.
1462 2405 1602 2446 Nocens]
1614 2405 1705 2439 Quin

244 2456 405 2490 sacerdos
420 2461 507 2488 erat.
1001 2459 1219 2491 innocentem
1268 2458 1573 2499 Bellerophontem
1616 2457 1707 2489 occi-

284 2511 346 2541 581
373 2509 531 2551 Tenuique
557 2509 676 2550 impelli
703 2509 857 2549 sanguine
881 2510 947 2541 vul-
1002 2509 1084 2542 dere
1096 2510 1214 2542 voluit.
1238 2509 1394 2550 Mitisqae
1404 2507 1601 2548 Phoroneus]
1614 2507 1703 2539 Pbo-

241 2559 310 2600 ius]
332 2559 375 2591 Id
392 2564 457 2598 est,
471 2559 541 2591 levi
565 2560 690 2591 rubore
708 2560 807 2602 tingi,
820 2559 948 2591 suffun-
1002 2570 1126 2592 roneus
1141 2570 1203 2592 rex
1218 2559 1399 2600 Argoi-um.
1443 2558 1536 2590 Vide
1554 2557 1663 2589 Theb.
1679 2566 1705 2590 1.

242 2610 290 2642 di.
334 2609 492 2650 Guyetus
521 2610 607 2651 legit
627 2610 764 2651 impleri,
787 2615 823 2642 et
837 2611 947 2652 expli·
1002 2612 1079 2641 257.
1139 2609 1253 2650 Mitis]
1289 2609 1381 2642 Quia
1403 2608 1575 2648 dispersos
1600 2611 1705 2639 antea

244 2665 314 2695 cat,
330 2661 540 2691 commoveri
556 2658 673 2692 afflatu
688 2659 817 2693 divino.
1000 2668 1175 2701 vagosque
1201 2659 1355 2690 homines
1378 2657 1413 2688 in
1435 2656 1532 2688 uniu·
1549 2655 1703 2688 civitatis

285 2712 348 2741 584
374 2710 544 2751 Externos]
590 2709 633 2741 Id
671 2715 739 2747 est,
775 2711 944 2743 humanae.
994 2709 1054 2750 jus
1083 2709 1264 2750 compulit,
1287 2717 1328 2740 ae
1350 2706 1393 2739 nd
1415 2705 1570 2738 mitiores
1589 2715 1703 2739 mores

242 2759 366 2791 Inertes
379 2759 513 2799 nebuloe]
528 2759 687 2791 Caecitas.
1000 2758 1166 2790 traduxit.

285 2811 348 2841 585
370 2808 475 2848 Niger
492 2808 563 2850 a'e'r]
589 2809 750 2842 Caecitas.
1043 2811 1107 2840 590
1133 2807 1362 2849 Tmncatusque
1371 2804 1502 2847 Pelops]
1519 2805 1605 2838 Cum
1614 2805 1702 2839 Tun-

1804 1933 1820 2025 .e.'-}3=ae
1807 1883 1820 1918 A'*
