1820 3068
184 195 270 237 598

683 203 723 232 P.
756 201 949 233 PAPan
981 202 1146 234 STATu

188 300 464 343 Praeteriisse
485 300 653 342 sinam:
683 298 811 340 limes
831 298 939 340 mihi
959 299 1165 355 carminis
1186 302 1282 341 esto

188 367 437 423 OEdipodae
460 366 651 409 confusa
670 365 855 408 domus:
888 365 1067 420 quando
1088 366 1211 409 Itala
1231 366 1424 409 nondum

188 436 341 490 Signa,
358 449 440 477 nec
461 434 655 476 Arctoos
677 433 822 475 ausim
845 446 1026 488 sperare
1045 434 1305 489 triumphos,

190 504 359 558 Bisque
375 503 484 558 jugo
506 501 727 553 Rhenum,
747 501 818 543 bis
839 501 1047 543 adactum
1067 502 1243 556 legibus
1263 502 1448 553 Istrum,

189 624 346 655 secundas.
392 622 465 654 Sola
486 621 613 660 confusa
638 621 748 663 OEdipz’
756 619 886 660 familia
900 620 943 653 sit
955 620 1033 653 mihi
1048 621 1199 653 terminus
1211 621 1314 662 operis
1326 632 1339 659 ,·
1360 631 1429 653 cum
1443 631 1504 653 non
1518 621 1648 653 audeam

189 675 314 706 sperare
327 665 479 698 celebrare
505 665 591 696 Itala
611 664 739 704 vexilla,
763 674 819 696 nec
839 663 1011 705 triumphos
1025 665 1063 696 de
1086 663 1314 704 septemtrione
1334 669 1430 700 actos,
1447 664 1588 696 Rhenum
1602 663 1650 695 bis

181 710 275 750 jugo,
303 713 334 741 et
358 708 537 742 Danubium
561 708 608 740 bis
633 707 763 750 imperio
778 707 985 748 'submissum
1013 710 1045 739 et
1066 708 1243 748 conjuratos
1272 708 1378 740 Dacos
1406 707 1584 740 deturbatos
1607 716 1648 738 ex

806 793 1046 806 ΟΌΙΟΝΝΟΜ

192 858 297 892 Aldd.
314 859 421 891 Coliu.
443 858 576 900 Gryph.
602 857 708 889 Basil.
734 861 770 890 et
795 857 999 889 Plant.—18
1020 857 1223 890 Petrensis:
1244 861 1381 899 spectare
1399 857 1592 899 triumphos,-
1615 860 1650 887 et

191 903 242 934 sic
257 903 366 935 codex
382 901 569 933 Burmanni
594 910 613 932 a
632 911 732 932 manu
756 910 809 942 pr.
830 909 956 941 sperare
980 900 1102 933 Behot.
1127 901 1236 933 codex
1264 902 1380 933 Burm.
1411 911 1430 932 a
1455 910 1554 932 manu
1582 909 1652 931 sec.

193 946 291 977 Rom.
308 946 451 977 Venett.
467 947 497 976 3.
512 947 544 976 4.
563 942 665 975 Aldd.
681 943 790 976 Colin.
806 943 940 985 Gryph.
967 943 1074 975 Basil.
1099 944 1215 976 Plant.
1240 945 1306 975 &c.

1350 943 1577 976 Marklandus
1605 941 1648 973 ad

194 989 288 1030 Sylv.
305 998 332 1021 1.
346 991 379 1021 4.
395 991 450 1020 91.
462 987 548 1029 legit
563 987 684 1028 spirare
699 987 873 1028 triumphos
883 996 897 1024 ,·
918 991 955 1018 et
970 986 1019 1019 sic
1035 987 1139 1020 etiam
1166 988 1260 1029 conj.
1285 987 1450 1020 Heinsius
1476 986 1520 1018 ad
1545 985 1650 1018 Ovid.

850 1071 993 1104 NOTAE

239 1141 279 1171 17
306 1136 487 1180 OEdipodoe]
510 1136 668 1179 OEdipus,
681 1136 758 1169 Laii
786 1139 823 1168 et
836 1135 896 1170 Jo-

172 1219 177 1225 ,
195 1194 307 1222 castes
321 1188 423 1226 filius,
445 1193 485 1220 nt
500 1188 647 1229 primum
659 1192 759 1220 natus
775 1191 842 1227 est,
861 1187 897 1219 in

194 1245 314 1272 monte
346 1238 545 1271 Cithaerone
592 1237 659 1270 fuit
703 1238 896 1279 expositus.

194 1290 314 1333 (Laius
330 1290 504 1329 Qaculum
522 1293 718 1330 acceperat,
730 1298 767 1320 se
783 1287 898 1330 afilio,

196 1341 225 1373 si
256 1341 331 1383 quis
361 1340 424 1372 sibi
451 1350 495 1372 ex
513 1340 656 1373 Jocasta
685 1343 900 1380 nasceretur,

197 1391 379 1434 aliquando
395 1391 545 1422 occisum
572 1389 642 1431 iri.)
685 1389 832 1431 OEdipus
851 1389 899 1421 ibi

196 1447 358 1484 repertus
372 1451 391 1473 a
408 1441 608 1473 Phorbante
628 1445 767 1482 pastore
783 1445 897 1482 porta-

195 1498 252 1526 tus
267 1493 335 1526 fuit
357 1493 399 1525 ad
416 1494 584 1535 Meropen
611 1502 754 1525 uxorem
770 1493 898 1535 Polybi

197 1544 452 1578 Corinthiorum
468 1544 572 1586 regis,
586 1543 648 1585 qui
661 1553 737 1575 eum
750 1552 813 1585 pro
827 1542 899 1575 filio

197 1597 368 1629 educavit.
411 1595 560 1637 OEdipus
595 1598 709 1627 autem
736 1594 900 1636 grandior

197 1646 325 1688 factus,
341 1646 509 1688 comperit
533 1654 570 1677 se
587 1654 656 1677 non
680 1654 757 1677 esse
773 1644 898 1686 Polybi

200 1697 329 1737 filium3
362 1703 575 1739 quapropter
609 1696 803 1728 consultum
838 1695 901 1727 ivit

199 1748 398 1787 Oraculum,
413 1757 434 1778 a
449 1756 515 1789 quo
542 1746 693 1787 accepit,
707 1755 744 1778 se
767 1749 899 1787 patrem

197 1798 233 1830 in
258 1797 414 1830 Phocide
444 1797 682 1829 inventurum:
717 1807 785 1840 quo
821 1806 899 1829 cum

198 1849 364 1888 venisset,
379 1848 496 1880 Laium
521 1853 655 1889 patrem
677 1848 755 1880 illac
771 1848 838 1880 iter
850 1847 900 1879 fa-

200 1899 351 1931 cientem
375 1898 571 1939 imprudens
585 1897 774 1931 interfecit.
799 1898 903 1931 Victa

199 1959 279 1981 mox
291 1949 468 1990 Sphynge,
485 1958 547 1980 rex
562 1959 582 1980 a
592 1948 762 1980 Thebanis
778 1949 903 1981 saluta-

201 2004 271 2040 tus,
283 2000 458 2033 Jocastam
471 2006 614 2031 matrem
628 2009 773 2031 uxorem
785 2000 902 2039 duxit3

202 2060 246 2083 ex
258 2060 327 2093 qua
336 2054 483 2092 quatuor
498 2050 623 2082 liberos
637 2050 799 2091 suscepit.
836 2051 903 2082 Ex-

203 2106 281 2134 orta
308 2101 445 2134 demum
469 2101 563 2142 gravi
591 2100 804 2142 pestilentia,
833 2110 904 2133 res·

204 2151 326 2193 pendit
364 2152 554 2192 oraculum,
593 2151 672 2183 huic
702 2150 805 2183 finem
835 2161 903 2183 non

202 2201 291 2241 fore,
321 2202 386 2233 nisi
416 2201 529 2233 caedes
554 2201 626 2233 Laii
647 2200 899 2234 vindicaretur:

204 2252 302 2284 facta
323 2253 428 2293 igitur
443 2252 540 2293 hujus
562 2251 666 2284 caedis
686 2251 903 2293 diligentissi-

203 2313 258 2335 ma
274 2302 537 2345 conquisitione,
556 2303 691 2344 accepit
706 2303 851 2345 OEdipus
867 2312 904 2335 se

205 2359 241 2386 et
258 2359 392 2395 patrem
414 2352 642 2393 interfecisse,
659 2358 693 2385 et
709 2359 854 2386 matrem
868 2354 904 2386 in

205 2404 422 2437 matrimonio
459 2403 642 2436 habuisse:
682 2404 772 2436 unde
808 2409 904 2438 tanto

205 2456 323 2487 dolore
337 2458 516 2496 correptus
530 2453 608 2495 fuit,
621 2458 659 2486 ut
669 2454 731 2497 sibi
747 2455 812 2496 ipsi
824 2465 903 2487 ocu-

204 2507 256 2538 los
290 2506 431 2546 eruerit,
460 2514 632 2547 regnoque
662 2505 834 2545 abdicato,
869 2506 904 2538 in

204 2557 317 2587 locum
335 2555 611 2587 obscurissimum
638 2565 674 2587 se
699 2556 902 2589 condiderit.

207 2603 293 2639 Quae
321 2605 433 2636 omnia
474 2610 593 2646 postea
627 2607 905 2648 explicabuntur.

211 2656 349 2694 Confusa
377 2655 498 2695 domus]
534 2657 622 2689 Nam
653 2658 686 2689 in
711 2669 753 2691 ea
780 2657 907 2690 familia

208 2707 320 2739 omnia
328 2707 409 2748 jura
422 2710 554 2738 naturae
573 2708 710 2739 turbata
726 2714 817 2750 sunt,
828 2710 908 2751 quia

209 2757 299 2790 idem
315 2757 416 2798 filius,
440 2760 476 2788 et
490 2757 646 2798 maritus,
663 2758 780 2791 eadem
797 2764 908 2792 mater

951 1140 989 1169 et
1018 1146 1117 1178 uxor,
1139 1136 1242 1170 iidem
1268 1137 1380 1179 liberi,
1417 1147 1459 1170 ac
1494 1140 1654 1177 nepotes.

954 1187 1085 1223 Quando
1108 1188 1193 1220 Itala
1217 1189 1352 1220 nondum
1366 1188 1480 1229 Signa,
1502 1196 1557 1218 nec
1571 1186 1654 1218 Arc-

951 1241 1017 1270 toos
1041 1239 1139 1270 ausim
1163 1249 1287 1280 sperare
1312 1238 1499 1281 triumphos]
1520 1237 1651 1279 Supple

951 1289 961 1307 ‘
979 1289 1178 1322 celebrare!
1221 1291 1356 1322 Arctoos
1388 1288 1574 1331 triumphos]
1595 1287 1653 1319 In-

954 1340 1078 1382 telligit
1115 1341 1200 1373 duos
1236 1341 1408 1383 legitimos
1451 1338 1653 1381 triumphos,

953 1401 1036 1433 quos
1066 1392 1285 1424 Domitianus
1308 1393 1381 1434 egit
1405 1391 1449 1423 de
1472 1390 1583 1424 Cattis
1611 1399 1652 1422 ac

952 1443 1059 1474 Dacis
1083 1447 1161 1484 post
1178 1443 1270 1474 varia
1287 1442 1428 1484 praelia:
1451 1441 1495 1474 de
1517 1434 1659 1473 Sarma-⁴

953 1492 997 1525 tis
1021 1493 1171 1525 lauream
1203 1494 1303 1525 modo
1335 1493 1416 1526 Jovi
1454 1492 1652 1534 Capitolino

952 1544 1084 1584 retulit,
1114 1548 1152 1576 ut
1177 1543 1336 1577 discimus
1364 1554 1407 1576 ex
1437 1543 1603 1576 Suetonio
1618 1543 1652 1575 in

952 1594 1163 1628 Domitiano.
1208 1595 1359 1637 Arctoos]
1381 1595 1471 1629 Quia
1485 1594 1518 1626 hi
1535 1594 1654 1636 populi

955 1645 1059 1687 positi
1089 1651 1168 1678 sunt
1203 1646 1494 1688 septemtrionem
1528 1653 1655 1693 versus,

954 1697 1011 1738 qui
1035 1697 1168 1730 Graecis
1194 1697 1320 1730 Arctos
1347 1697 1474 1730 dicitur
1501 1697 1543 1729 ab
1577 1705 1655 1729 ursa

951 1747 1071 1789 majori
1096 1750 1133 1778 et
1159 1747 1294 1788 minori,
1336 1747 1461 1790 quibus
1498 1747 1656 1789 subjacet

953 1797 1175 1839 Septemtrio,
1186 1796 1299 1839 ἀρκτὸς
1309 1797 1400 1829 enim
1410 1797 1543 1830 Graecis
1552 1807 1657 1829 ursum

953 1847 1134 1889 siguificat.
1178 1847 1307 1888 Ausim]
1330 1847 1400 1879 Pro
1426 1847 1574 1887 audebo,
1599 1847 1659 1879 vel

955 1898 1109 1931 audeam.
1151 1899 1210 1931 Sic
1244 1899 1341 1940 Virg.
1373 1898 1445 1930 Ecl.
1471 1908 1528 1930 ιιι.
1574 1898 1655 1930 ‘De

957 1961 1061 1992 grege
1077 1960 1143 1982 non
1160 1950 1267 1982 ausim
1286 1950 1464 1993 quicquam
1481 1950 1656 1991 deponere

956 2001 1097 2037 tecum)
1138 2002 1184 2033 Et
1199 2002 1328 2042 Georg.
1345 2010 1386 2033 ιι.
1429 2002 1439 2018 ‘
1457 2000 1572 2032 Ausim
1599 2000 1654 2033 vel

958 2053 1051 2084 tenui
1066 2051 1170 2083 vitem
1185 2051 1399 2084 committere
1411 2051 1527 2084 sulco!

1001 2103 1044 2133 19
1066 2101 1187 2143 Bisque
1215 2101 1298 2142 jugo
1325 2101 1485 2142 Rhenum]
1507 2101 1655 2133 Innuere

958 2152 1034 2184 vult
1064 2153 1197 2192 Cattos,
1235 2151 1342 2184 Rheni
1373 2152 1520 2191 accolas,
1548 2151 1656 2183 victos
1695 2145 1700 2150 “

958 2200 1062 2234 fuisse
1091 2211 1112 2233 a
1139 2201 1351 2242 Domitiano,
1374 2211 1414 2234 ac
1446 2202 1510 2234 sub
1533 2202 1655 2243 jugum

957 2253 1091 2283 missos.
1135 2250 1296 2292 Rhenum]
1310 2251 1447 2284 Rhenus
1463 2252 1658 2284 notissimus

958 2303 1108 2343 Europae
1120 2300 1256 2342 fluvius,
1271 2301 1417 2334 Galliam
1433 2312 1454 2333 a
1469 2302 1657 2335 Germania

958 2353 1128 2385 dividens.
1171 2352 1325 2384 Celebris
1342 2353 1422 2384 olim
1438 2353 1582 2385 transitu
1592 2353 1656 2386 Ju-

957 2403 1176 2442 liifflcaesaris,
1206 2402 1267 2434 sed
1296 2403 1413 2444 paucis
1450 2407 1530 2435 ante
1560 2403 1656 2434 aunis

958 2454 1082 2487 clarior
1100 2454 1246 2486 transitu
1265 2453 1427 2486 Ludovici
1442 2453 1559 2494 Magni
1575 2453 1656 2485 Gal-

958 2506 1066 2537 lorum
1084 2505 1185 2545 regis.
1228 2503 1344 2536 Efficit
1359 2507 1474 2535 autem
1489 2503 1581 2536 illam
1595 2514 1656 2535 no-

957 2554 1212 2587 minatissimam
1241 2554 1450 2585 Batavorum
1481 2562 1541 2584 seu
1570 2553 1657 2585 Hol-

958 2605 1136 2638 landorum
1154 2604 1310 2644 insulam,
1327 2613 1456 2644 nupera
1471 2603 1569 2634 clade
1585 2613 1655 2635 me-

959 2655 1224 2694 morabiliorem,
1250 2663 1348 2696 quam
1372 2653 1564 2695 longinquis
1594 2663 1657 2695 per

959 2707 1070 2739 omnia
1096 2705 1201 2737 maria
1231 2703 1522 2745 navigationibus:
1555 2703 1656 2736 bene-

961 2767 1027 2801 que
1045 2761 1159 2788 actum
1175 2760 1241 2794 est,
1258 2760 1296 2786 ut
1323 2759 1439 2786 esseut
1455 2754 1583 2796 populi,
1598 2755 1657 2797 qui
