1820 3068
201 239 289 284 830
677 276 681 279 .
711 253 752 284 P.
786 252 977 283 immun
1013 252 1180 284 s'rA'ru

206 349 440 391 Pendeat?
473 353 550 393 aut
567 349 740 403 fugiens
761 349 988 404 placabile
1009 349 1236 405 planxerit
1255 351 1417 392 omen'l

206 417 316 460 Non
338 431 489 460 comes
511 420 728 460 obscurus
748 418 987 472 tripodum,
1006 431 1096 460 non
1114 419 1314 460 fulminis
1329 418 1492 462 ardens

204 484 378 529 Vector
398 487 542 538 adest,
563 486 785 541 fiavaeque
806 499 971 528 sonans
991 486 1090 528 avis
1112 498 1232 528 unca
1252 485 1484 538 Minervae,

1588 352 1676 395 505

207 642 314 664 means
326 634 377 665 det
390 633 483 665 motis
498 633 559 665 alis
565 632 712 672 faustum
725 631 927 674 proesagium.
973 632 1048 664 Non
1062 635 1193 675 apparet
1204 633 1297 673 niger
1310 634 1412 667 socius
1425 634 1594 676 tripodum,
1615 643 1677 666 non

206 676 276 707 acis
291 675 432 717 fervida,
455 687 523 719 quae
548 679 653 719 portat
669 675 805 716 fulmen,
827 685 883 707 nec
896 679 1036 717 strepens
1049 686 1129 709 unca
1142 676 1208 709 ales
1219 677 1319 718 flavoe
1334 678 1502 711 Minervoe.
1547 678 1678 710 Nullum
1694 695 1697 697 ·

821 783 1061 797 OOO‘OO‘O‘C‘O

208 861 369 901 complexa
396 861 622 892 colam—505
656 861 747 893 Dan.
779 865 926 903 uterque
955 861 1079 893 Behot.
1108 861 1269 893 Petrens.
1310 870 1428 892 omnes
1454 859 1680 898 Gronoviani,

209 903 349 935 Taurin.
378 903 463 935 Exc.
490 903 639 935 Cantab.
663 904 782 936 Burm.
809 905 950 945 optimae
973 904 1107 936 Barthii
1125 904 1348 943 membranae,
1368 904 1511 936 Venett.
1527 908 1565 936 et
1579 904 1678 935 Rom.

209 946 365 978 Gronov.
392 947 515 978 Barth.
539 947 652 978 Veen.
678 951 715 978 et
739 947 869 988 Delph.
889 947 1051 988 planxerit
1075 957 1186 985 omem
1208 947 1289 979 Put.
1314 947 1556 988 Petav.1.ang.
1576 947 1679 978 Laur.

208 989 365 1030 Lipsian.
382 989 489 1021 Aldd.
505 989 616 1021 Colin.
633 989 768 1031 Gryph.
791 990 898 1023 Basil.
913 990 1030 1022 Plant.
1048 989 1281 1031 Lindenbrog.
1297 989 1400 1022 Cruc.
1416 989 1556 1022 Gevart.
1573 989 1681 1022 Gras-

209 1042 278 1064 ser.
296 1037 333 1064 et
348 1031 495 1064 Amstel.
517 1033 668 1073 plauserit
682 1043 780 1065 omen.
815 1034 1007 1075 Utrumque
1023 1032 1149 1065 bonum
1166 1037 1268 1074 putat
1284 1032 1512 1065 Marklandus
1528 1033 1570 1065 ad
1585 1032 1680 1074 Sylv-

211 1085 247 1116 p.
274 1078 456 1107 leh—507
486 1076 591 1107 Victor
614 1077 703 1108 adest
728 1076 832 1108 Aldd.
849 1077 962 1108 Colin.
989 1076 1121 1118 Gryph.
1137 1081 1173 1108 et
1190 1076 1296 1108 Basil.
1324 1076 1437 1108 Vector
1450 1077 1539 1108 adest
1563 1084 1680 1108 omnes

209 1116 311 1150 codd.
327 1127 404 1151 cum
419 1119 563 1152 venett.
588 1119 689 1151 Rom.
712 1125 749 1152 et
776 1119 855 1162 edd,
878 1123 1028 1152 recentt.
1069 1119 1184 1152 Vector
1207 1120 1282 1152 ades
1305 1118 1424 1153 Plant.
1443 1118 1680 1159 Lindenbrog.

873 1216 1018 1250 NOTAE

255 1295 318 1324 505
344 1292 513 1324 Planxerit
540 1292 646 1334 omen]
678 1293 819 1325 Priores
849 1291 921 1323 edi-

209 1343 325 1376 tiones
346 1343 475 1376 habent
496 1344 661 1386 plauserit.
703 1343 772 1375 Sed
787 1344 921 1376 Grono-

213 1394 287 1426 vius
304 1392 453 1426 affirmat
468 1403 585 1426 omnes
602 1394 740 1426 codices
753 1394 838 1426 Mss.
861 1395 919 1425 ha-

210 1444 296 1476 bere
321 1445 496 1486 planxerit,
526 1449 562 1477 et
577 1445 680 1479 «dicit
702 1446 711 1463 ‘
735 1444 919 1487 plangere'

211 1505 290 1527 esse
321 1495 464 1528 verbum
493 1494 656 1537 medium,
691 1505 756 1528 nec
784 1505 921 1536 semper

211 1550 367 1588 spretum
394 1546 428 1577 in
453 1546 610 1578 laetarum
636 1555 750 1577 rerum
766 1546 920 1587 descrip-

210 1598 318 1630 tione.
365 1598 522 1629 Catullus
540 1598 574 1629 in
591 1596 846 1638 Argonauticis‚
861 1597 921 1629 ubi

212 1650 343 1682 Bacchi
358 1650 559 1682 comitatum
580 1649 766 1681 describit:
790 1650 800 1667 ‘
818 1649 920 1681 Plan-

213 1701 341 1743 gebant
356 1701 414 1733 alii
432 1700 584 1742 proceris
599 1705 762 1741 tympana
778 1699 920 1740 palmis!

254 1756 320 1784 506
344 1752 419 1784 Non
442 1761 544 1784 comes
574 1751 720 1783 obscurus
747 1750 920 1793 tripodum]

213 1804 345 1836 Corvus
375 1812 475 1835 sacer
499 1802 664 1844 Apollini,
685 1802 785 1843 cujus
811 1802 920 1843 tripo-

196 1872 199 1874 ·
213 1855 275 1887 des
289 1859 382 1887 sunt.
427 1854 473 1886 Et
486 1854 604 1886 laetum
627 1853 817 1894 auspicium
833 1858 922 1893 erat,

211 1906 240 1937 si
254 1914 379 1937 corvus
393 1914 414 1936 a
428 1909 527 1946 parte
543 1905 670 1936 dextra
681 1904 871 1944 advolaret,
883 1908 922 1936 ut

214 1956 379 1988 discimus
402 1965 508 1996 supra
523 1965 565 1987 ex
582 1955 750 1987 Cicerone
765 1959 803 1986 et
818 1954 922 1986 Plau-

214 2011 264 2040 to.
309 2007 419 2039 Immo
442 2006 470 2038 si
492 2016 629 2048 quoquo
653 2005 754 2038 modo
777 2015 922 2047 appare·

215 2060 285 2097 ret,
308 2061 349 2088 ut
377 2066 422 2088 ex
454 2057 543 2088 Livii
570 2056 630 2087 lib.
647 2065 685 2088 x.
708 2056 921 2098 colligimus:

213 2108 225 2126 ⁸
241 2106 337 2139 Ante
353 2107 528 2139 consulem
554 2107 631 2139 haec
652 2107 826 2140 dicentem
849 2117 923 2140 cor-

215 2168 278 2191 vus
302 2159 399 2190 clara
423 2168 507 2190 voce
532 2157 703 2190 occinuit:
750 2157 922 2199 Obscurus]

211 2210 307 2254 ‘Quia
323 2209 435 2251 niger.
471 2209 546 2241 Non
553 2209 702 2249 fulminis
716 2211 830 2241 ardens
846 2210 923 2242 Vec-

215 2261 283 2302 tor]
307 2260 447 2302 Aquila.
492 2261 622 2293 Noster
637 2261 698 2293 lib.
713 2269 767 2293 rx.
782 2263 791 2279 ‘
808 2261 923 2303 thue

215 2310 283 2343 feri
323 2315 499 2343 vectorem
531 2310 681 2343 fulminis
713 2311 810 2343 albus
838 2311 923 2344 Cum

215 2372 322 2404 snpra
337 2362 495 2403 respexit
523 2360 620 2394 olor.'
665 2362 744 2396 Quo
771 2366 925 2403 ternpore

215 2413 360 2456 Jupiter
375 2417 475 2444 natus
492 2418 559 2453 est,
584 2412 706 2444 eodem
721 2416 836 2444 natam
852 2421 926 2444 esse

216 2464 379 2506 Aquilam
408 2462 551 2495 tradunt
586 2462 778 2495 fabularum
816 2463 924 2504 scrip-

219 2521 326 2556 toreS,
349 2518 387 2546 et
411 2514 454 2546 ad
469 2514 503 2546 id
521 2514 676 2555 praelium
695 2514 787 2556 quod
804 2515 925 2547 contra

218 2565 389 2608 Gigantes
410 2565 629 2597 commissum
653 2569 708 2597 est
730 2564 925 2605 advolasse,

217 2616 315 2658 quasi
331 2615 488 2648 victoriae
498 2616 653 2647 Deorum
665 2615 833 2648 nuntium.
856 2615 926 2657 Igi-

219 2669 277 2697 tur
308 2666 343 2697 in
373 2666 486 2698 avium
520 2665 685 2697 divisione
713 2666 804 2698 inter
833 2666 926 2699 Deos

219 2715 325 2757 facta,
338 2716 482 2758 Jupiter
496 2715 655 2759 Aquilam
671 2715 738 2748 sibi
755 2716 925 2758 attribuit,

219 2777 261 2800 ac
277 2765 405 2799 fulmen
422 2766 514 2799 ferre
540 2767 573 2798 ei
597 2765 711 2798 dedit:
739 2776 849 2809 eaque
863 2767 925 2799 mi-

219 2818 331 2851 nistra
346 2823 382 2852 et
398 2818 520 2851 nuntia
536 2818 586 2851 uti
602 2819 691 2851 solet
706 2818 748 2851 ad
765 2828 836 2860 eos,
852 2817 924 2861 qui-

856 2880 888 2918 b

975 1291 1039 1324 bus
1054 1291 1129 1324 laeti
1146 1291 1275 1334 aliquid
1291 1290 1498 1334 significare,
1525 1301 1679 1336 quosque

973 1343 1126 1375 illustres
1147 1347 1184 1375 et
1207 1343 1318 1375 claros
1334 1342 1482 1375 reddere
1503 1343 1538 1376 in
1564 1349 1680 1377 mente

973 1394 1092 1427 habet.
1125 1393 1321 1436 Propterea
1334 1393 1410 1426 haec
1424 1394 1497 1426 avis
1510 1393 1582 1426 visa
1594 1404 1682 1427 sem·

974 1454 1039 1486 per
1053 1445 1170 1476 laetum
1186 1444 1377 1485 auspicium
1393 1443 1542 1477 ferebat.
1578 1445 1681 1481 Unde

975 1496 1133 1528 Priamus
1143 1494 1289 1527 Iliad.o.
1300 1494 1423 1528 Jovem
1434 1500 1522 1538 orat,
1532 1500 1570 1528 ut
1582 1497 1678 1540 aqui·

974 1546 1041 1577 lam
1075 1546 1206 1586 mittat,
1227 1546 1323 1587 cujus
1346 1546 1463 1578 volatu
1491 1546 1527 1578 in
1552 1546 1678 1580 bonam

975 1607 1071 1638 spem
1099 1600 1250 1638 erectus,
1275 1597 1499 1639 auspicioque
1527 1598 1681 1634 secundo

976 1647 1136 1688 confisus,
1164 1647 1207 1679 ad
1238 1656 1342 1679 naves
1370 1647 1575 1680 Graecorum
1604 1658 1683 1681 sese

977 1696 1144 1729 conferat.
1189 1698 1247 1730 Sic
1267 1697 1438 1742 Tanaquil
1453 1699 1631 1741 accepisse
1646 1699 1683 1731 id

976 1748 1155 1790 augurium
1171 1749 1254 1781 laeta
1266 1749 1405 1791 dicitur,
1417 1759 1495 1783 cum
1507 1751 1544 1783 in
1557 1751 1683 1786 itinere

978 1800 1122 1832 Romam
1151 1800 1408 1842 commigrando
1438 1811 1517 1833 cum
1546 1802 1684 1843 marito,

976 1850 1104 1893 Aquila
1118 1852 1294 1892 suspensis
1309 1851 1454 1884 demissa
1473 1853 1606 1886 leniter,
1621 1854 1683 1886 alis

976 1901 1106 1943 pileum
1122 1901 1235 1934 mariti
1249 1901 1443 1942 abstulerit,
1459 1913 1609 1946 moxque
1625 1913 1684 1937 ca·

977 1951 1040 1993 piti
1057 1956 1139 1993 apte
1152 1952 1359 1993 reposuerit,
1374 1957 1412 1985 et
1423 1953 1574 1986 sublimis
1590 1953 1685 1988 abie-

977 2002 1036 2035 rit.
1068 2002 1173 2034 Unde
1184 2002 1288 2034 etiam
1301 2002 1466 2036 Romanis
1481 2004 1572 2037 inter
1585 2005 1683 2047 signa

977 2052 1140 2085 militaria
1163 2058 1308 2095 recepta
1336 2048 1374 2086 εἰ
1394 2059 1543 2088 sacrata.
1584 2056 1596 2074 ‘
1611 2055 1684 2089 Ne-

978 2103 1085 2146 gant,'
1102 2102 1153 2136 ait
1169 2103 1301 2136 Plinius
1315 2105 1373 2138 lib.
1389 2114 1427 2137 x.
1450 2115 1527 2148 cap.
1543 2108 1577 2138 3.
1598 2107 1609 2125 ‘
1626 2115 1685 2138 un·

978 2165 1079 2197 quam
1096 2155 1201 2186 solam
1225 2155 1313 2187 hanc
1336 2155 1457 2188 alitem
1471 2155 1616 2189 fulmine
1630 2155 1683 2188 fu-

978 2207 1049 2239 isse
1078 2206 1328 2240 exanimatam:
1363 2207 1441 2240 ideo
1477 2207 1683 2249 armigeram

978 2258 1077 2291 Jovis
1093 2258 1306 2291 consuetudo
1314 2258 1510 2300 judicavit:

1021 2311 1084 2340 507
1109 2309 1277 2349 Flavoeque
1296 2318 1410 2341 sonans
1433 2311 1501 2341 auis
1518 2319 1597 2341 unca
1615 2309 1683 2342 Mi·

976 2358 1095 2400 nervae]
1112 2359 1250 2391 Noctua
1264 2359 1434 2391 Minervae
1450 2369 1559 2392 sacra.
1593 2360 1686 2394 Quia

977 2409 1078 2451 hujus
1119 2410 1190 2441 avis
1220 2414 1383 2452 tanquam
1417 2410 1683 2443 consultissimae

979 2461 1115 2492 volatus
1144 2461 1341 2502 auspicatus
1367 2470 1444 2493 esse
1475 2461 1613 2502 dicitur,
1646 2466 1686 2493 et

979 2510 1061 2542 boni
1078 2510 1212 2551 ominis,
1235 2516 1340 2553 atque
1365 2512 1400 2543 in
1423 2512 1555 2553 signum
1575 2512 1686 2545 victo-

981 2562 1041 2593 riae
1057 2566 1234 2603 acceptus.
1277 2561 1387 2594 Aiunt
1400 2562 1489 2594 enim
1504 2568 1583 2595 ante
1599 2571 1684 2604 pug-

979 2621 1059 2644 nam
1081 2613 1175 2646 illam
1194 2613 1446 2646 Marathoniam
1469 2613 1576 2646 visam
1602 2623 1684 2648 noc-

981 2667 1087 2705 tuam,
1109 2674 1186 2706 quae
1210 2664 1471 2697 Atheniensium
1492 2664 1684 2698 exercitum

981 2715 1221 2755 pervolitaret.
1271 2713 1375 2755 Unca]
1397 2713 1456 2748 Ob
1486 2723 1592 2748 uncos
1621 2723 1684 2747 un·

981 2773 1076 2806 gaes.
