<?xml version="1.0" encoding="UTF-8"?>
<!DOCTYPE html PUBLIC "-//W3C//DTD XHTML 1.0 Transitional//EN"
    "http://www.w3.org/TR/xhtml1/DTD/xhtml1-transitional.dtd">
<html xmlns="http://www.w3.org/1999/xhtml" xml:lang="en" lang="en">
 <head>
  <title>
</title>
<meta http-equiv="Content-Type" content="text/html;charset=utf-8" />
  <meta name='ocr-system' content='tesseract 3.04.00' />
  <meta name='ocr-capabilities' content='ocr_page ocr_carea ocr_par ocr_line ocrx_word'/>
</head>
<body>
  <div class='ocr_page' id='page_1' title='image "./operaomniaexedit02statuoft/operaomniaexedit02statuoft_0022.png"; bbox 0 0 1820 3068; ppageno 0'>
   <div class='ocr_carea' id='block_1_1' title="bbox 199 191 287 235">
    <p class='ocr_par' dir='ltr' id='par_1_1' title="bbox 199 191 287 235">
     <span class='ocr_line' id='line_1_1' title="bbox 199 191 287 235; baseline 0 0"><span class='ocrx_word' id='word_1_1' title='bbox 199 191 287 235; x_wconf 83' lang='lat'>606</span> 
     </span>
    </p>
   </div>
   <div class='ocr_carea' id='block_1_2' title="bbox 634 190 1166 229">
    <p class='ocr_par' dir='ltr' id='par_1_2' title="bbox 634 190 1166 229">
     <span class='ocr_line' id='line_1_2' title="bbox 634 190 1166 229; baseline -0.004 0"><span class='ocrx_word' id='word_1_2' title='bbox 634 190 646 208; x_wconf 33' lang='grc' dir='ltr'>Χ</span> <span class='ocrx_word' id='word_1_3' title='bbox 701 199 743 229; x_wconf 88' lang='lat' dir='ltr'>P.</span> <span class='ocrx_word' id='word_1_4' title='bbox 772 196 967 228; x_wconf 68' lang='grc' dir='ltr'>ΡΑΡιΝιι</span> <span class='ocrx_word' id='word_1_5' title='bbox 998 193 1166 228; x_wconf 66' lang='lat' dir='ltr'>surii</span> 
     </span>
    </p>
   </div>
   <div class='ocr_carea' id='block_1_3' title="bbox 200 290 1402 420">
    <p class='ocr_par' dir='ltr' id='par_1_3' title="bbox 200 290 1402 420">
     <span class='ocr_line' id='line_1_3' title="bbox 200 290 1402 349; baseline -0.006 -9"><span class='ocrx_word' id='word_1_6' title='bbox 200 297 296 349; x_wconf 84' lang='lat' dir='ltr'>Qui</span> <span class='ocrx_word' id='word_1_7' title='bbox 315 296 484 349; x_wconf 85' lang='lat' dir='ltr'>regitis,</span> <span class='ocrx_word' id='word_1_8' title='bbox 503 299 642 348; x_wconf 82' lang='lat' dir='ltr'>tuque</span> <span class='ocrx_word' id='word_1_9' title='bbox 661 292 900 334; x_wconf 83' lang='lat' dir='ltr'>umbrifero</span> <span class='ocrx_word' id='word_1_10' title='bbox 921 291 1038 346; x_wconf 82' lang='lat' dir='ltr'><strong>Styx</strong></span> <span class='ocrx_word' id='word_1_11' title='bbox 1057 290 1203 333; x_wconf 81' lang='lat' dir='ltr'>livida</span> <span class='ocrx_word' id='word_1_12' title='bbox 1217 291 1371 343; x_wconf 80' lang='lat' dir='ltr'>fundo,</span> <span class='ocrx_word' id='word_1_13' title='bbox 1388 304 1402 325; x_wconf 79' lang='grc'>’-</span> 
     </span>
     <span class='ocr_line' id='line_1_4' title="bbox 203 360 1345 420; baseline -0.006 -12"><span class='ocrx_word' id='word_1_14' title='bbox 203 366 351 417; x_wconf 86' lang='lat' dir='ltr'>Quam</span> <span class='ocrx_word' id='word_1_15' title='bbox 370 364 515 414; x_wconf 88' lang='lat' dir='ltr'>video,</span> <span class='ocrx_word' id='word_1_16' title='bbox 536 361 810 420; x_wconf 59' lang='lat' dir='ltr'>multufnque</span> <span class='ocrx_word' id='word_1_17' title='bbox 830 360 938 401; x_wconf 90' lang='lat' dir='ltr'>mihi</span> <span class='ocrx_word' id='word_1_18' title='bbox 958 364 1173 401; x_wconf 84' lang='lat' dir='ltr'>consueta</span> <span class='ocrx_word' id='word_1_19' title='bbox 1193 360 1345 402; x_wconf 84' lang='lat' dir='ltr'>vocari</span> 
     </span>
    </p>
   </div>
   <div class='ocr_carea' id='block_1_4' title="bbox 203 428 1348 554">
    <p class='ocr_par' dir='ltr' id='par_1_4' title="bbox 203 428 1348 554">
     <span class='ocr_line' id='line_1_5' title="bbox 203 428 1348 484; baseline -0.005 -8"><span class='ocrx_word' id='word_1_20' title='bbox 203 433 380 483; x_wconf 90' lang='lat' dir='ltr'>Annue,</span> <span class='ocrx_word' id='word_1_21' title='bbox 399 430 661 484; x_wconf 87' lang='lat' dir='ltr'>Tisiphone,</span> <span class='ocrx_word' id='word_1_22' title='bbox 679 440 983 483; x_wconf 84' lang='lat' dir='ltr'>perversaque</span> <span class='ocrx_word' id='word_1_23' title='bbox 1004 431 1108 469; x_wconf 81' lang='lat' dir='ltr'>vota</span> <span class='ocrx_word' id='word_1_24' title='bbox 1128 428 1348 470; x_wconf 88' lang='lat' dir='ltr'>secunda:</span> 
     </span>
     <span class='ocr_line' id='line_1_6' title="bbox 203 496 1321 554; baseline -0.004 -11"><span class='ocrx_word' id='word_1_25' title='bbox 203 501 254 543; x_wconf 91' lang='lat' dir='ltr'>Si</span> <span class='ocrx_word' id='word_1_26' title='bbox 273 502 382 543; x_wconf 87' lang='lat' dir='ltr'>bene</span> <span class='ocrx_word' id='word_1_27' title='bbox 403 499 510 554; x_wconf 91' lang='lat' dir='ltr'>quid</span> <span class='ocrx_word' id='word_1_28' title='bbox 530 498 683 549; x_wconf 88' lang='lat' dir='ltr'>merui,</span> <span class='ocrx_word' id='word_1_29' title='bbox 703 497 742 538; x_wconf 91' lang='lat' dir='ltr'>si</span> <span class='ocrx_word' id='word_1_30' title='bbox 763 510 834 538; x_wconf 85' lang='lat' dir='ltr'>me</span> <span class='ocrx_word' id='word_1_31' title='bbox 854 496 908 537; x_wconf 87' lang='lat' dir='ltr'>de</span> <span class='ocrx_word' id='word_1_32' title='bbox 926 500 1068 537; x_wconf 82' lang='lat' dir='ltr'>matre</span> <span class='ocrx_word' id='word_1_33' title='bbox 1087 496 1321 539; x_wconf 82' lang='lat' dir='ltr'>cadentem</span> 
     </span>
    </p>
   </div>
   <div class='ocr_carea' id='block_1_5' title="bbox 206 563 1289 688">
    <p class='ocr_par' dir='ltr' id='par_1_5' title="bbox 206 563 1289 688">
     <span class='ocr_line' id='line_1_7' title="bbox 206 563 1289 621; baseline -0.004 -11"><span class='ocrx_word' id='word_1_34' title='bbox 206 567 380 612; x_wconf 88' lang='lat' dir='ltr'>Fovisti</span> <span class='ocrx_word' id='word_1_35' title='bbox 401 566 581 621; x_wconf 87' lang='lat' dir='ltr'>gremio,</span> <span class='ocrx_word' id='word_1_36' title='bbox 598 570 641 607; x_wconf 90' lang='lat' dir='ltr'>et</span> <span class='ocrx_word' id='word_1_37' title='bbox 661 564 899 619; x_wconf 84' lang='lat' dir='ltr'>trajectum</span> <span class='ocrx_word' id='word_1_38' title='bbox 914 563 1092 605; x_wconf 83' lang='lat' dir='ltr'>vulnere</span> <span class='ocrx_word' id='word_1_39' title='bbox 1111 564 1289 617; x_wconf 84' lang='lat' dir='ltr'>plantas</span> 
     </span>
     <span class='ocr_line' id='line_1_8' title="bbox 207 630 1246 688; baseline -0.004 -10"><span class='ocrx_word' id='word_1_40' title='bbox 207 635 441 679; x_wconf 84' lang='lat' dir='ltr'>Firmasti:</span> <span class='ocrx_word' id='word_1_41' title='bbox 473 635 513 676; x_wconf 91' lang='lat' dir='ltr'>si</span> <span class='ocrx_word' id='word_1_42' title='bbox 533 639 693 688; x_wconf 81' lang='lat' dir='ltr'>stagna</span> <span class='ocrx_word' id='word_1_43' title='bbox 712 632 824 687; x_wconf 87' lang='lat' dir='ltr'>petii</span> <span class='ocrx_word' id='word_1_44' title='bbox 845 630 1055 686; x_wconf 83' lang='lat' dir='ltr'>Cyrrhaea</span> <span class='ocrx_word' id='word_1_45' title='bbox 1074 631 1246 674; x_wconf 89' lang='lat' dir='ltr'>bicorni</span> 
     </span>
    </p>
   </div>
   <div class='ocr_carea' id='block_1_6' title="bbox 203 759 1668 933">
    <p class='ocr_par' dir='ltr' id='par_1_6' title="bbox 203 759 1668 933">
     <span class='ocr_line' id='line_1_9' title="bbox 203 759 1668 802; baseline -0.003 -8"><span class='ocrx_word' id='word_1_46' title='bbox 203 765 346 794; x_wconf 75' lang='lat' dir='ltr'>nocentes</span> <span class='ocrx_word' id='word_1_47' title='bbox 360 762 493 799; x_wconf 77' lang='lat' dir='ltr'>animas,</span> <span class='ocrx_word' id='word_1_48' title='bbox 506 765 538 794; x_wconf 80' lang='lat' dir='ltr'>et</span> <span class='ocrx_word' id='word_1_49' title='bbox 551 765 639 793; x_wconf 81' lang='lat' dir='ltr'>arcta</span> <span class='ocrx_word' id='word_1_50' title='bbox 653 760 817 802; x_wconf 75' lang='lat' dir='ltr'><em>suppliciis</em></span> <span class='ocrx_word' id='word_1_51' title='bbox 835 759 984 799; x_wconf 80' lang='lat' dir='ltr'>Tartara,</span> <span class='ocrx_word' id='word_1_52' title='bbox 998 763 1030 791; x_wconf 81' lang='lat' dir='ltr'>et</span> <span class='ocrx_word' id='word_1_53' title='bbox 1050 763 1086 791; x_wconf 76' lang='lat' dir='ltr'>tu</span> <span class='ocrx_word' id='word_1_54' title='bbox 1107 759 1192 802; x_wconf 72' lang='lat' dir='ltr'>Styx</span> <span class='ocrx_word' id='word_1_55' title='bbox 1213 763 1286 792; x_wconf 75' lang='lat' dir='ltr'>atra</span> <span class='ocrx_word' id='word_1_56' title='bbox 1300 759 1405 798; x_wconf 80' lang='lat' dir='ltr'>fundo</span> <span class='ocrx_word' id='word_1_57' title='bbox 1427 759 1563 799; x_wconf 77' lang='lat' dir='ltr'>obscuro,</span> <span class='ocrx_word' id='word_1_58' title='bbox 1575 766 1668 799; x_wconf 70' lang='lat' dir='ltr'>quam</span> 
     </span>
     <span class='ocr_line' id='line_1_10' title="bbox 203 803 1666 845; baseline -0.001 -11"><span class='ocrx_word' id='word_1_59' title='bbox 203 805 338 842; x_wconf 81' lang='lat' dir='ltr'>intueor,</span> <span class='ocrx_word' id='word_1_60' title='bbox 355 809 386 837; x_wconf 86' lang='lat' dir='ltr'>et</span> <span class='ocrx_word' id='word_1_61' title='bbox 405 809 451 842; x_wconf 82' lang='lat' dir='ltr'>tu,</span> <span class='ocrx_word' id='word_1_62' title='bbox 469 805 646 845; x_wconf 77' lang='lat' dir='ltr'><strong><em>Tisiphone,</em></strong></span> <span class='ocrx_word' id='word_1_63' title='bbox 660 814 750 844; x_wconf 80' lang='lat' dir='ltr'>quam</span> <span class='ocrx_word' id='word_1_64' title='bbox 765 805 846 835; x_wconf 76' lang='lat' dir='ltr'>soleo</span> <span class='ocrx_word' id='word_1_65' title='bbox 861 805 994 834; x_wconf 77' lang='lat' dir='ltr'>multum</span> <span class='ocrx_word' id='word_1_66' title='bbox 1006 803 1187 844; x_wconf 77' lang='lat' dir='ltr'>implorare,</span> <span class='ocrx_word' id='word_1_67' title='bbox 1200 803 1292 844; x_wconf 78' lang='lat' dir='ltr'>fave,</span> <span class='ocrx_word' id='word_1_68' title='bbox 1308 807 1340 835; x_wconf 76' lang='lat' dir='ltr'>et</span> <span class='ocrx_word' id='word_1_69' title='bbox 1355 803 1472 835; x_wconf 75' lang='lat' dir='ltr'>exaudi</span> <span class='ocrx_word' id='word_1_70' title='bbox 1487 803 1584 835; x_wconf 73' lang='lat' dir='ltr'>malas</span> <span class='ocrx_word' id='word_1_71' title='bbox 1596 810 1666 842; x_wconf 80' lang='lat' dir='ltr'>pre-</span> 
     </span>
     <span class='ocr_line' id='line_1_11' title="bbox 205 845 1665 889; baseline -0.003 -10"><span class='ocrx_word' id='word_1_72' title='bbox 205 858 273 879; x_wconf 78' lang='lat' dir='ltr'>ces:</span> <span class='ocrx_word' id='word_1_73' title='bbox 294 850 322 879; x_wconf 77' lang='lat' dir='ltr'>si</span> <span class='ocrx_word' id='word_1_74' title='bbox 336 849 410 889; x_wconf 83' lang='lat' dir='ltr'>quid</span> <span class='ocrx_word' id='word_1_75' title='bbox 425 848 485 879; x_wconf 76' lang='lat' dir='ltr'>tibi</span> <span class='ocrx_word' id='word_1_76' title='bbox 497 851 624 887; x_wconf 80' lang='lat' dir='ltr'>gratum</span> <span class='ocrx_word' id='word_1_77' title='bbox 631 847 713 887; x_wconf 84' lang='lat' dir='ltr'>feci,</span> <span class='ocrx_word' id='word_1_78' title='bbox 726 847 756 878; x_wconf 78' lang='lat' dir='ltr'>si</span> <span class='ocrx_word' id='word_1_79' title='bbox 771 857 819 878; x_wconf 83' lang='lat' dir='ltr'>me</span> <span class='ocrx_word' id='word_1_80' title='bbox 825 847 943 885; x_wconf 76' lang='lat' dir='ltr'>fot-isti</span> <span class='ocrx_word' id='word_1_81' title='bbox 956 845 992 877; x_wconf 78' lang='lat' dir='ltr'>in</span> <span class='ocrx_word' id='word_1_82' title='bbox 1005 846 1076 877; x_wconf 79' lang='lat' dir='ltr'>sinu</span> <span class='ocrx_word' id='word_1_83' title='bbox 1097 850 1151 878; x_wconf 79' lang='lat' dir='ltr'>tuo</span> <span class='ocrx_word' id='word_1_84' title='bbox 1175 846 1329 878; x_wconf 75' lang='lat' dir='ltr'>labentem</span> <span class='ocrx_word' id='word_1_85' title='bbox 1345 856 1386 877; x_wconf 77' lang='lat' dir='ltr'>ex</span> <span class='ocrx_word' id='word_1_86' title='bbox 1400 850 1487 878; x_wconf 79' lang='lat' dir='ltr'>utero</span> <span class='ocrx_word' id='word_1_87' title='bbox 1512 848 1665 882; x_wconf 72' lang='lat' dir='ltr'>matema,</span> 
     </span>
     <span class='ocr_line' id='line_1_12' title="bbox 204 888 1668 933; baseline -0.003 -11"><span class='ocrx_word' id='word_1_88' title='bbox 204 894 235 922; x_wconf 85' lang='lat' dir='ltr'>et</span> <span class='ocrx_word' id='word_1_89' title='bbox 257 890 461 923; x_wconf 76' lang='lat' dir='ltr'><em>corroborasti</em></span> <span class='ocrx_word' id='word_1_90' title='bbox 485 892 579 933; x_wconf 82' lang='lat' dir='ltr'>pedes</span> <span class='ocrx_word' id='word_1_91' title='bbox 599 900 680 922; x_wconf 77' lang='lat' dir='ltr'>meos</span> <span class='ocrx_word' id='word_1_92' title='bbox 698 890 796 931; x_wconf 77' lang='lat' dir='ltr'>plaga</span> <span class='ocrx_word' id='word_1_93' title='bbox 815 890 992 930; x_wconf 73' lang='lat' dir='ltr'>perfossos:</span> <span class='ocrx_word' id='word_1_94' title='bbox 1023 889 1052 920; x_wconf 76' lang='lat' dir='ltr'>si</span> <span class='ocrx_word' id='word_1_95' title='bbox 1073 890 1148 921; x_wconf 79' lang='lat' dir='ltr'>dum</span> <span class='ocrx_word' id='word_1_96' title='bbox 1168 893 1294 931; x_wconf 75' lang='lat' dir='ltr'>patrem</span> <span class='ocrx_word' id='word_1_97' title='bbox 1307 889 1476 931; x_wconf 78' lang='lat' dir='ltr'>investigo,</span> <span class='ocrx_word' id='word_1_98' title='bbox 1496 888 1564 920; x_wconf 74' lang='lat' dir='ltr'>adii</span> <span class='ocrx_word' id='word_1_99' title='bbox 1582 888 1668 919; x_wconf 73' lang='lat' dir='ltr'>Iocus</span> 
     </span>
    </p>
   </div>
   <div class='ocr_carea' id='block_1_7' title="bbox 838 973 1040 985">
    <p class='ocr_par' dir='ltr' id='par_1_7' title="bbox 838 973 1040 985">
     <span class='ocr_line' id='line_1_13' title="bbox 838 973 1040 985; baseline 0 2083"><span class='ocrx_word' id='word_1_100' title='bbox 838 973 1040 985; x_wconf 95' lang='lat' dir='ltr'> </span> 
     </span>
    </p>
   </div>
   <div class='ocr_carea' id='block_1_8' title="bbox 1041 973 1062 985">
    <p class='ocr_par' dir='ltr' id='par_1_8' title="bbox 1041 973 1062 985">
     <span class='ocr_line' id='line_1_14' title="bbox 1041 973 1062 985; baseline 0 0"><span class='ocrx_word' id='word_1_101' title='bbox 1041 973 1062 985; x_wconf 70' lang='lat'>⁴·</span> 
     </span>
    </p>
   </div>
   <div class='ocr_carea' id='block_1_9' title="bbox 207 1036 1668 1159">
    <p class='ocr_par' dir='ltr' id='par_1_9' title="bbox 207 1036 1668 1159">
     <span class='ocr_line' id='line_1_15' title="bbox 208 1036 1667 1082; baseline -0.002 -10"><span class='ocrx_word' id='word_1_102' title='bbox 208 1040 318 1073; x_wconf 90' lang='lat' dir='ltr'>Colin.</span> <span class='ocrx_word' id='word_1_103' title='bbox 336 1040 470 1082; x_wconf 83' lang='lat' dir='ltr'>Gryph.</span> <span class='ocrx_word' id='word_1_104' title='bbox 488 1039 595 1072; x_wconf 85' lang='lat' dir='ltr'>Basil.</span> <span class='ocrx_word' id='word_1_105' title='bbox 615 1039 731 1071; x_wconf 88' lang='lat' dir='ltr'>Plant.</span> <span class='ocrx_word' id='word_1_106' title='bbox 744 1040 898 1071; x_wconf 61' lang='grc' dir='ltr'><strong>ἄτα-57</strong></span> <span class='ocrx_word' id='word_1_107' title='bbox 921 1037 1007 1080; x_wconf 77' lang='lat' dir='ltr'>Styx</span> <span class='ocrx_word' id='word_1_108' title='bbox 1028 1038 1131 1070; x_wconf 82' lang='lat' dir='ltr'>lurida</span> <span class='ocrx_word' id='word_1_109' title='bbox 1147 1038 1182 1070; x_wconf 89' lang='lat' dir='ltr'>in</span> <span class='ocrx_word' id='word_1_110' title='bbox 1198 1038 1398 1081; x_wconf 80' lang='lat' dir='ltr'>quibusdam</span> <span class='ocrx_word' id='word_1_111' title='bbox 1414 1038 1600 1078; x_wconf 77' lang='lat' dir='ltr'>codd.-69</span> <span class='ocrx_word' id='word_1_112' title='bbox 1624 1036 1667 1070; x_wconf 78' lang='lat' dir='ltr'>In</span> 
     </span>
     <span class='ocr_line' id='line_1_16' title="bbox 209 1081 1668 1124; baseline -0.001 -10"><span class='ocrx_word' id='word_1_113' title='bbox 209 1093 274 1114; x_wconf 91' lang='lat' dir='ltr'>uno</span> <span class='ocrx_word' id='word_1_114' title='bbox 291 1084 524 1124; x_wconf 79' lang='lat' dir='ltr'>manuscripto</span> <span class='ocrx_word' id='word_1_115' title='bbox 539 1082 658 1115; x_wconf 88' lang='lat' dir='ltr'>codice</span> <span class='ocrx_word' id='word_1_116' title='bbox 674 1081 831 1114; x_wconf 82' lang='lat' dir='ltr'>Barthii:</span> <span class='ocrx_word' id='word_1_117' title='bbox 854 1082 893 1113; x_wconf 86' lang='lat' dir='ltr'>de</span> <span class='ocrx_word' id='word_1_118' title='bbox 906 1085 1015 1113; x_wconf 78' lang='lat' dir='ltr'>ventre</span> <span class='ocrx_word' id='word_1_119' title='bbox 1029 1082 1199 1123; x_wconf 76' lang='lat' dir='ltr'>cadentem,</span> <span class='ocrx_word' id='word_1_120' title='bbox 1218 1083 1337 1114; x_wconf 75' lang='lat' dir='ltr'>Fovisti</span> <span class='ocrx_word' id='word_1_121' title='bbox 1353 1083 1388 1114; x_wconf 82' lang='lat' dir='ltr'>in</span> <span class='ocrx_word' id='word_1_122' title='bbox 1400 1082 1533 1122; x_wconf 75' lang='lat' dir='ltr'>gremio.</span> <span class='ocrx_word' id='word_1_123' title='bbox 1565 1081 1668 1120; x_wconf 77' lang='lat' dir='ltr'>Vulg.</span> 
     </span>
     <span class='ocr_line' id='line_1_17' title="bbox 207 1124 1668 1159; baseline -0.001 -1"><span class='ocrx_word' id='word_1_124' title='bbox 207 1127 360 1158; x_wconf 87' lang='lat' dir='ltr'>retinent</span> <span class='ocrx_word' id='word_1_125' title='bbox 388 1127 548 1159; x_wconf 82' lang='lat' dir='ltr'>Petrens.</span> <span class='ocrx_word' id='word_1_126' title='bbox 575 1125 700 1158; x_wconf 88' lang='lat' dir='ltr'>Behot.</span> <span class='ocrx_word' id='word_1_127' title='bbox 725 1126 826 1158; x_wconf 80' lang='lat' dir='ltr'>Laur.</span> <span class='ocrx_word' id='word_1_128' title='bbox 852 1125 979 1157; x_wconf 87' lang='lat' dir='ltr'>Petav.</span> <span class='ocrx_word' id='word_1_129' title='bbox 1006 1125 1096 1157; x_wconf 72' lang='lat' dir='ltr'>Dan·</span> <span class='ocrx_word' id='word_1_130' title='bbox 1123 1127 1188 1158; x_wconf 72' lang='grc' dir='ltr'>ὅτε.</span> <span class='ocrx_word' id='word_1_131' title='bbox 1213 1135 1290 1158; x_wconf 86' lang='lat' dir='ltr'>cum</span> <span class='ocrx_word' id='word_1_132' title='bbox 1306 1126 1448 1158; x_wconf 86' lang='lat' dir='ltr'>Venett.</span> <span class='ocrx_word' id='word_1_133' title='bbox 1463 1128 1495 1157; x_wconf 79' lang='lat'>3.</span> <span class='ocrx_word' id='word_1_134' title='bbox 1510 1127 1545 1158; x_wconf 75' lang='lat'>4.</span> <span class='ocrx_word' id='word_1_135' title='bbox 1568 1124 1668 1156; x_wconf 84' lang='lat' dir='ltr'>Rom.</span> 
     </span>
    </p>
   </div>
   <div class='ocr_carea' id='block_1_10' title="bbox 858 1211 1012 1261">
    <p class='ocr_par' dir='ltr' id='par_1_10' title="bbox 858 1211 1012 1261">
     <span class='ocr_line' id='line_1_18' title="bbox 858 1211 1012 1261; baseline -0.006 -17"><span class='ocrx_word' id='word_1_136' title='bbox 858 1211 1012 1261; x_wconf 17' lang='grc' dir='ltr'>Χ,ΝΟΤΙΕ</span> 
     </span>
    </p>
   </div>
   <div class='ocr_carea' id='block_1_11' title="bbox 209 1274 925 2788">
    <p class='ocr_par' dir='ltr' id='par_1_11' title="bbox 211 1274 914 1370">
     <span class='ocr_line' id='line_1_19' title="bbox 213 1274 914 1319; baseline -0.003 -10"><span class='ocrx_word' id='word_1_137' title='bbox 213 1290 218 1294; x_wconf 90' lang='lat'><strong>·</strong></span> <span class='ocrx_word' id='word_1_138' title='bbox 252 1279 294 1309; x_wconf 82' lang='grc'>57</span> <span class='ocrx_word' id='word_1_139' title='bbox 316 1276 418 1319; x_wconf 76' lang='lat' dir='ltr'>Styx]</span> <span class='ocrx_word' id='word_1_140' title='bbox 452 1276 541 1318; x_wconf 81' lang='lat' dir='ltr'>Styx</span> <span class='ocrx_word' id='word_1_141' title='bbox 563 1274 687 1308; x_wconf 85' lang='lat' dir='ltr'>fluvius</span> <span class='ocrx_word' id='word_1_142' title='bbox 705 1275 914 1318; x_wconf 85' lang='lat' dir='ltr'>Inferorum,</span> 
     </span>
     <span class='ocr_line' id='line_1_20' title="bbox 211 1327 838 1370; baseline -0.003 -9"><span class='ocrx_word' id='word_1_143' title='bbox 211 1329 310 1370; x_wconf 85' lang='lat' dir='ltr'>cujus</span> <span class='ocrx_word' id='word_1_144' title='bbox 326 1327 449 1359; x_wconf 82' lang='lat' dir='ltr'>fundus</span> <span class='ocrx_word' id='word_1_145' title='bbox 465 1327 589 1359; x_wconf 89' lang='lat' dir='ltr'>lividus</span> <span class='ocrx_word' id='word_1_146' title='bbox 601 1335 641 1358; x_wconf 79' lang='lat' dir='ltr'>ac</span> <span class='ocrx_word' id='word_1_147' title='bbox 657 1331 734 1358; x_wconf 87' lang='lat' dir='ltr'>ater</span> <span class='ocrx_word' id='word_1_148' title='bbox 749 1331 838 1359; x_wconf 81' lang='lat' dir='ltr'>erat.</span> 
     </span>
    </p>

    <p class='ocr_par' dir='ltr' id='par_1_12' title="bbox 209 1377 915 1724">
     <span class='ocr_line' id='line_1_21' title="bbox 252 1377 914 1418; baseline -0.002 -9"><span class='ocrx_word' id='word_1_149' title='bbox 252 1381 294 1410; x_wconf 83' lang='lat'>58</span> <span class='ocrx_word' id='word_1_150' title='bbox 325 1378 427 1414; x_wconf 83' lang='lat' dir='ltr'>Quam</span> <span class='ocrx_word' id='word_1_151' title='bbox 450 1377 553 1418; x_wconf 83' lang='lat' dir='ltr'>video]</span> <span class='ocrx_word' id='word_1_152' title='bbox 577 1377 754 1409; x_wconf 85' lang='lat' dir='ltr'>Nocentes</span> <span class='ocrx_word' id='word_1_153' title='bbox 779 1386 914 1418; x_wconf 84' lang='lat' dir='ltr'><strong>semper</strong></span> 
     </span>
     <span class='ocr_line' id='line_1_22' title="bbox 209 1429 914 1472; baseline -0.003 -10"><span class='ocrx_word' id='word_1_154' title='bbox 209 1431 244 1462; x_wconf 91' lang='lat' dir='ltr'>in</span> <span class='ocrx_word' id='word_1_155' title='bbox 261 1430 372 1462; x_wconf 84' lang='lat' dir='ltr'>animo</span> <span class='ocrx_word' id='word_1_156' title='bbox 401 1430 586 1472; x_wconf 85' lang='lat' dir='ltr'>praesentia</span> <span class='ocrx_word' id='word_1_157' title='bbox 611 1429 740 1462; x_wconf 88' lang='lat' dir='ltr'>habent</span> <span class='ocrx_word' id='word_1_158' title='bbox 765 1429 854 1469; x_wconf 82' lang='lat' dir='ltr'>loca,</span> <span class='ocrx_word' id='word_1_159' title='bbox 877 1430 914 1461; x_wconf 89' lang='lat' dir='ltr'>in</span> 
     </span>
     <span class='ocr_line' id='line_1_23' title="bbox 212 1480 913 1523; baseline -0.003 -10"><span class='ocrx_word' id='word_1_160' title='bbox 212 1481 334 1523; x_wconf 88' lang='lat' dir='ltr'>quibus</span> <span class='ocrx_word' id='word_1_161' title='bbox 349 1480 461 1522; x_wconf 84' lang='lat' dir='ltr'>puniri</span> <span class='ocrx_word' id='word_1_162' title='bbox 485 1480 628 1522; x_wconf 79' lang='lat' dir='ltr'>debent,</span> <span class='ocrx_word' id='word_1_163' title='bbox 653 1480 744 1511; x_wconf 90' lang='lat' dir='ltr'>unde</span> <span class='ocrx_word' id='word_1_164' title='bbox 760 1481 913 1522; x_wconf 81' lang='lat' dir='ltr'>quamvis</span> 
     </span>
     <span class='ocr_line' id='line_1_24' title="bbox 211 1530 914 1572; baseline -0.003 -8"><span class='ocrx_word' id='word_1_165' title='bbox 211 1541 322 1564; x_wconf 82' lang='lat' dir='ltr'>caecus</span> <span class='ocrx_word' id='word_1_166' title='bbox 348 1535 441 1563; x_wconf 86' lang='lat' dir='ltr'>esset</span> <span class='ocrx_word' id='word_1_167' title='bbox 462 1541 610 1572; x_wconf 82' lang='lat' dir='ltr'>corpore</span> <span class='ocrx_word' id='word_1_168' title='bbox 636 1530 795 1572; x_wconf 85' lang='lat' dir='ltr'>OEdipus,</span> <span class='ocrx_word' id='word_1_169' title='bbox 811 1530 914 1562; x_wconf 85' lang='lat' dir='ltr'>animi</span> 
     </span>
     <span class='ocr_line' id='line_1_25' title="bbox 211 1580 913 1623; baseline -0.003 -9"><span class='ocrx_word' id='word_1_170' title='bbox 211 1587 327 1614; x_wconf 75' lang='lat' dir='ltr'>tumen</span> <span class='ocrx_word' id='word_1_171' title='bbox 343 1581 452 1614; x_wconf 82' lang='lat' dir='ltr'>oculis</span> <span class='ocrx_word' id='word_1_172' title='bbox 469 1580 568 1622; x_wconf 87' lang='lat' dir='ltr'>dicit,</span> <span class='ocrx_word' id='word_1_173' title='bbox 579 1591 615 1613; x_wconf 86' lang='lat' dir='ltr'>se</span> <span class='ocrx_word' id='word_1_174' title='bbox 632 1581 753 1613; x_wconf 85' lang='lat' dir='ltr'>videre</span> <span class='ocrx_word' id='word_1_175' title='bbox 768 1581 913 1623; x_wconf 84' lang='lat' dir='ltr'>Stygem</span> 
     </span>
     <span class='ocr_line' id='line_1_26' title="bbox 210 1631 915 1674; baseline -0.003 -9"><span class='ocrx_word' id='word_1_176' title='bbox 210 1632 349 1666; x_wconf 84' lang='lat' dir='ltr'>fluvium</span> <span class='ocrx_word' id='word_1_177' title='bbox 375 1632 584 1674; x_wconf 83' lang='lat' dir='ltr'>Inferorum,</span> <span class='ocrx_word' id='word_1_178' title='bbox 613 1641 678 1674; x_wconf 88' lang='lat' dir='ltr'>per</span> <span class='ocrx_word' id='word_1_179' title='bbox 698 1642 798 1674; x_wconf 86' lang='lat' dir='ltr'>quem</span> <span class='ocrx_word' id='word_1_180' title='bbox 822 1631 915 1664; x_wconf 85' lang='lat' dir='ltr'>Infe-</span> 
     </span>
     <span class='ocr_line' id='line_1_27' title="bbox 212 1684 452 1724; baseline -0.004 -8"><span class='ocrx_word' id='word_1_181' title='bbox 212 1692 267 1716; x_wconf 81' lang='lat' dir='ltr'>ros</span> <span class='ocrx_word' id='word_1_182' title='bbox 284 1684 452 1724; x_wconf 85' lang='lat' dir='ltr'>designat.</span> 
     </span>
    </p>

    <p class='ocr_par' dir='ltr' id='par_1_13' title="bbox 213 1732 917 1930">
     <span class='ocr_line' id='line_1_28' title="bbox 255 1732 915 1776; baseline -0.003 -9"><span class='ocrx_word' id='word_1_183' title='bbox 255 1738 298 1767; x_wconf 83' lang='lat'>69</span> <span class='ocrx_word' id='word_1_184' title='bbox 320 1733 505 1776; x_wconf 78' lang='lat' dir='ltr'>Tisiphone]</span> <span class='ocrx_word' id='word_1_185' title='bbox 529 1733 608 1765; x_wconf 78' lang='lat' dir='ltr'>Una</span> <span class='ocrx_word' id='word_1_186' title='bbox 624 1743 668 1765; x_wconf 85' lang='lat' dir='ltr'>ex</span> <span class='ocrx_word' id='word_1_187' title='bbox 683 1732 794 1766; x_wconf 85' lang='lat' dir='ltr'>furiis.</span> <span class='ocrx_word' id='word_1_188' title='bbox 830 1734 915 1766; x_wconf 80' lang='lat' dir='ltr'>Tres</span> 
     </span>
     <span class='ocr_line' id='line_1_29' title="bbox 213 1784 916 1826; baseline -0.003 -8"><span class='ocrx_word' id='word_1_189' title='bbox 213 1786 305 1819; x_wconf 79' lang='lat' dir='ltr'>enim</span> <span class='ocrx_word' id='word_1_190' title='bbox 331 1789 444 1826; x_wconf 85' lang='lat' dir='ltr'>erant,</span> <span class='ocrx_word' id='word_1_191' title='bbox 463 1785 661 1826; x_wconf 84' lang='lat' dir='ltr'>Tisiphone,</span> <span class='ocrx_word' id='word_1_192' title='bbox 684 1784 824 1825; x_wconf 82' lang='lat' dir='ltr'>Alecto,</span> <span class='ocrx_word' id='word_1_193' title='bbox 839 1785 916 1817; x_wconf 90' lang='lat' dir='ltr'>Me-</span> 
     </span>
     <span class='ocr_line' id='line_1_30' title="bbox 213 1835 917 1878; baseline -0.003 -9"><span class='ocrx_word' id='word_1_194' title='bbox 213 1846 318 1878; x_wconf 83' lang='lat' dir='ltr'>gaera.</span> <span class='ocrx_word' id='word_1_195' title='bbox 362 1835 533 1877; x_wconf 66' lang='lat' dir='ltr'>Per-versa]</span> <span class='ocrx_word' id='word_1_196' title='bbox 546 1835 636 1870; x_wconf 80' lang='lat' dir='ltr'>Quia</span> <span class='ocrx_word' id='word_1_197' title='bbox 651 1839 752 1877; x_wconf 83' lang='lat' dir='ltr'>pater</span> <span class='ocrx_word' id='word_1_198' title='bbox 763 1835 840 1867; x_wconf 86' lang='lat' dir='ltr'>filiis</span> <span class='ocrx_word' id='word_1_199' title='bbox 856 1835 917 1867; x_wconf 89' lang='lat' dir='ltr'>im-</span> 
     </span>
     <span class='ocr_line' id='line_1_31' title="bbox 214 1888 436 1930; baseline -0.005 -10"><span class='ocrx_word' id='word_1_200' title='bbox 214 1888 436 1930; x_wconf 82' lang='lat' dir='ltr'>precabatur.</span> 
     </span>
    </p>

    <p class='ocr_par' dir='ltr' id='par_1_14' title="bbox 214 1937 925 2788">
     <span class='ocr_line' id='line_1_32' title="bbox 255 1937 917 1980; baseline -0.003 -10"><span class='ocrx_word' id='word_1_201' title='bbox 255 1942 298 1971; x_wconf 83' lang='lat'>60</span> <span class='ocrx_word' id='word_1_202' title='bbox 320 1938 359 1970; x_wconf 79' lang='lat' dir='ltr'>Si</span> <span class='ocrx_word' id='word_1_203' title='bbox 374 1939 449 1970; x_wconf 87' lang='lat' dir='ltr'>bene</span> <span class='ocrx_word' id='word_1_204' title='bbox 465 1938 540 1980; x_wconf 77' lang='lat' dir='ltr'>quid</span> <span class='ocrx_word' id='word_1_205' title='bbox 554 1938 669 1979; x_wconf 83' lang='lat' dir='ltr'>merui]</span> <span class='ocrx_word' id='word_1_206' title='bbox 708 1938 750 1970; x_wconf 88' lang='lat' dir='ltr'>In</span> <span class='ocrx_word' id='word_1_207' title='bbox 763 1937 826 1969; x_wconf 84' lang='lat' dir='ltr'>hac</span> <span class='ocrx_word' id='word_1_208' title='bbox 839 1946 917 1978; x_wconf 84' lang='lat' dir='ltr'>pre-</span> 
     </span>
     <span class='ocr_line' id='line_1_33' title="bbox 214 1988 919 2021; baseline -0.001 -2"><span class='ocrx_word' id='word_1_209' title='bbox 214 1997 254 2020; x_wconf 87' lang='lat' dir='ltr'>ce</span> <span class='ocrx_word' id='word_1_210' title='bbox 278 1989 406 2021; x_wconf 73' lang='lat' dir='ltr'>orantis</span> <span class='ocrx_word' id='word_1_211' title='bbox 422 1994 531 2020; x_wconf 88' lang='lat' dir='ltr'>artem</span> <span class='ocrx_word' id='word_1_212' title='bbox 560 1992 597 2020; x_wconf 87' lang='lat' dir='ltr'>et</span> <span class='ocrx_word' id='word_1_213' title='bbox 624 1988 777 2020; x_wconf 83' lang='lat' dir='ltr'>ordinem</span> <span class='ocrx_word' id='word_1_214' title='bbox 802 1993 919 2019; x_wconf 86' lang='lat' dir='ltr'>servat</span> 
     </span>
     <span class='ocr_line' id='line_1_34' title="bbox 214 2038 918 2079; baseline 0 -9"><span class='ocrx_word' id='word_1_215' title='bbox 214 2038 337 2079; x_wconf 71' lang='lat' dir='ltr'>Poeta,</span> <span class='ocrx_word' id='word_1_216' title='bbox 365 2043 404 2070; x_wconf 89' lang='lat' dir='ltr'>ut</span> <span class='ocrx_word' id='word_1_217' title='bbox 434 2038 521 2069; x_wconf 92' lang='lat' dir='ltr'>bene</span> <span class='ocrx_word' id='word_1_218' title='bbox 551 2043 669 2070; x_wconf 88' lang='lat' dir='ltr'>monet</span> <span class='ocrx_word' id='word_1_219' title='bbox 701 2038 918 2070; x_wconf 81' lang='lat' dir='ltr'>Lactantius.</span> 
     </span>
     <span class='ocr_line' id='line_1_35' title="bbox 214 2088 919 2121; baseline -0.003 0"><span class='ocrx_word' id='word_1_220' title='bbox 214 2088 331 2121; x_wconf 86' lang='lat' dir='ltr'>Primo</span> <span class='ocrx_word' id='word_1_221' title='bbox 345 2089 503 2121; x_wconf 86' lang='lat' dir='ltr'>meritum</span> <span class='ocrx_word' id='word_1_222' title='bbox 519 2099 616 2120; x_wconf 87' lang='lat' dir='ltr'>suum</span> <span class='ocrx_word' id='word_1_223' title='bbox 639 2092 805 2120; x_wconf 82' lang='lat' dir='ltr'>memorat</span> <span class='ocrx_word' id='word_1_224' title='bbox 822 2088 919 2120; x_wconf 89' lang='lat' dir='ltr'>OEdi—</span> 
     </span>
     <span class='ocr_line' id='line_1_36' title="bbox 214 2140 920 2182; baseline -0.001 -10"><span class='ocrx_word' id='word_1_225' title='bbox 214 2150 293 2182; x_wconf 87' lang='lat' dir='ltr'>pus,</span> <span class='ocrx_word' id='word_1_226' title='bbox 320 2150 396 2173; x_wconf 92' lang='lat' dir='ltr'>cum</span> <span class='ocrx_word' id='word_1_227' title='bbox 421 2141 520 2180; x_wconf 87' lang='lat' dir='ltr'>dicit,</span> <span class='ocrx_word' id='word_1_228' title='bbox 549 2141 589 2173; x_wconf 71' lang='lat' dir='ltr'>Sa·</span> <span class='ocrx_word' id='word_1_229' title='bbox 611 2141 685 2172; x_wconf 82' lang='lat' dir='ltr'>bene</span> <span class='ocrx_word' id='word_1_230' title='bbox 707 2140 781 2182; x_wconf 83' lang='lat' dir='ltr'>quid</span> <span class='ocrx_word' id='word_1_231' title='bbox 805 2141 920 2181; x_wconf 80' lang='lat' dir='ltr'>merui,</span> 
     </span>
     <span class='ocr_line' id='line_1_37' title="bbox 214 2190 921 2233; baseline -0.003 -10"><span class='ocrx_word' id='word_1_232' title='bbox 214 2194 269 2233; x_wconf 61' lang='lat' dir='ltr'>&amp;a</span> <span class='ocrx_word' id='word_1_233' title='bbox 314 2191 465 2233; x_wconf 87' lang='lat' dir='ltr'>Exponit</span> <span class='ocrx_word' id='word_1_234' title='bbox 490 2191 663 2233; x_wconf 87' lang='lat' dir='ltr'>injuriam,</span> <span class='ocrx_word' id='word_1_235' title='bbox 683 2190 693 2208; x_wconf 91' lang='lat'>‘</span> <span class='ocrx_word' id='word_1_236' title='bbox 708 2191 829 2222; x_wconf 89' lang='lat' dir='ltr'>orbum</span> <span class='ocrx_word' id='word_1_237' title='bbox 845 2191 921 2222; x_wconf 90' lang='lat' dir='ltr'>visu</span> 
     </span>
     <span class='ocr_line' id='line_1_38' title="bbox 216 2240 921 2283; baseline 0.001 -11"><span class='ocrx_word' id='word_1_238' title='bbox 216 2250 393 2283; x_wconf 86' lang='lat' dir='ltr'>regnoque</span> <span class='ocrx_word' id='word_1_239' title='bbox 442 2241 644 2274; x_wconf 83' lang='lat' dir='ltr'>carentem.’</span> <span class='ocrx_word' id='word_1_240' title='bbox 721 2240 921 2273; x_wconf 87' lang='lat' dir='ltr'>Vindictam</span> 
     </span>
     <span class='ocr_line' id='line_1_39' title="bbox 215 2290 921 2333; baseline -0.001 -10"><span class='ocrx_word' id='word_1_241' title='bbox 215 2291 352 2333; x_wconf 69' lang='lat' dir='ltr'>quaerit,</span> <span class='ocrx_word' id='word_1_242' title='bbox 381 2292 392 2309; x_wconf 92' lang='lat'>‘</span> <span class='ocrx_word' id='word_1_243' title='bbox 409 2291 463 2322; x_wconf 88' lang='lat' dir='ltr'>Tu</span> <span class='ocrx_word' id='word_1_244' title='bbox 501 2291 621 2322; x_wconf 79' lang='lat' dir='ltr'>saltem</span> <span class='ocrx_word' id='word_1_245' title='bbox 645 2290 766 2323; x_wconf 85' lang='lat' dir='ltr'>debita</span> <span class='ocrx_word' id='word_1_246' title='bbox 791 2291 921 2323; x_wconf 79' lang='lat' dir='ltr'>vindex</span> 
     </span>
     <span class='ocr_line' id='line_1_40' title="bbox 217 2340 922 2383; baseline 0.001 -11"><span class='ocrx_word' id='word_1_247' title='bbox 217 2341 299 2373; x_wconf 85' lang='lat' dir='ltr'>Huc</span> <span class='ocrx_word' id='word_1_248' title='bbox 321 2340 425 2373; x_wconf 64' lang='lat' dir='ltr'>ades?</span> <span class='ocrx_word' id='word_1_249' title='bbox 447 2342 493 2372; x_wconf 86' lang='lat' dir='ltr'>Et</span> <span class='ocrx_word' id='word_1_250' title='bbox 509 2340 574 2372; x_wconf 86' lang='lat' dir='ltr'>sibi</span> <span class='ocrx_word' id='word_1_251' title='bbox 590 2341 751 2373; x_wconf 84' lang='lat' dir='ltr'>conciliat</span> <span class='ocrx_word' id='word_1_252' title='bbox 765 2341 922 2383; x_wconf 81' lang='lat' dir='ltr'>Tisipho-</span> 
     </span>
     <span class='ocr_line' id='line_1_41' title="bbox 217 2390 925 2432; baseline 0.003 -10"><span class='ocrx_word' id='word_1_253' title='bbox 217 2401 278 2423; x_wconf 83' lang='lat' dir='ltr'>nes</span> <span class='ocrx_word' id='word_1_254' title='bbox 307 2390 472 2431; x_wconf 86' lang='lat' dir='ltr'>favorem,</span> <span class='ocrx_word' id='word_1_255' title='bbox 501 2390 567 2432; x_wconf 84' lang='lat' dir='ltr'>ipsi</span> <span class='ocrx_word' id='word_1_256' title='bbox 596 2390 781 2422; x_wconf 86' lang='lat' dir='ltr'>referendo</span> <span class='ocrx_word' id='word_1_257' title='bbox 811 2393 925 2424; x_wconf 90' lang='lat' dir='ltr'>omnia</span> 
     </span>
     <span class='ocr_line' id='line_1_42' title="bbox 217 2441 922 2483; baseline 0 -9"><span class='ocrx_word' id='word_1_258' title='bbox 217 2451 279 2473; x_wconf 81' lang='lat' dir='ltr'>sua</span> <span class='ocrx_word' id='word_1_259' title='bbox 294 2447 453 2483; x_wconf 83' lang='lat' dir='ltr'>accepta,</span> <span class='ocrx_word' id='word_1_260' title='bbox 464 2446 500 2474; x_wconf 91' lang='lat' dir='ltr'>et</span> <span class='ocrx_word' id='word_1_261' title='bbox 511 2441 715 2474; x_wconf 77' lang='lat' dir='ltr'>ascribendo</span> <span class='ocrx_word' id='word_1_262' title='bbox 731 2442 836 2474; x_wconf 86' lang='lat' dir='ltr'>etiam</span> <span class='ocrx_word' id='word_1_263' title='bbox 852 2453 922 2475; x_wconf 92' lang='lat' dir='ltr'>om-</span> 
     </span>
     <span class='ocr_line' id='line_1_43' title="bbox 222 2492 923 2533; baseline 0.004 -11"><span class='ocrx_word' id='word_1_264' title='bbox 222 2492 279 2523; x_wconf 80' lang='lat' dir='ltr'>nia</span> <span class='ocrx_word' id='word_1_265' title='bbox 294 2502 369 2533; x_wconf 86' lang='lat' dir='ltr'>quae</span> <span class='ocrx_word' id='word_1_266' title='bbox 385 2492 484 2525; x_wconf 84' lang='lat' dir='ltr'>fecit.</span> <span class='ocrx_word' id='word_1_267' title='bbox 528 2493 567 2524; x_wconf 75' lang='lat' dir='ltr'>Si</span> <span class='ocrx_word' id='word_1_268' title='bbox 581 2502 630 2525; x_wconf 85' lang='lat' dir='ltr'>me</span> <span class='ocrx_word' id='word_1_269' title='bbox 643 2494 681 2524; x_wconf 87' lang='lat' dir='ltr'>de</span> <span class='ocrx_word' id='word_1_270' title='bbox 695 2496 797 2525; x_wconf 82' lang='lat' dir='ltr'>matre</span> <span class='ocrx_word' id='word_1_271' title='bbox 810 2495 923 2526; x_wconf 82' lang='lat' dir='ltr'>caden-</span> 
     </span>
     <span class='ocr_line' id='line_1_44' title="bbox 220 2542 925 2585; baseline 0.004 -12"><span class='ocrx_word' id='word_1_272' title='bbox 220 2545 294 2581; x_wconf 81' lang='lat' dir='ltr'>tem,</span> <span class='ocrx_word' id='word_1_273' title='bbox 312 2542 382 2583; x_wconf 52' lang='grc' dir='ltr'>ξι]</span> <span class='ocrx_word' id='word_1_274' title='bbox 404 2543 564 2585; x_wconf 79' lang='lat' dir='ltr'>Respicit</span> <span class='ocrx_word' id='word_1_275' title='bbox 590 2543 702 2576; x_wconf 69' lang='lat' dir='ltr'>Poeta</span> <span class='ocrx_word' id='word_1_276' title='bbox 729 2544 772 2576; x_wconf 85' lang='lat' dir='ltr'>ad</span> <span class='ocrx_word' id='word_1_277' title='bbox 795 2554 925 2576; x_wconf 90' lang='lat' dir='ltr'>morem</span> 
     </span>
     <span class='ocr_line' id='line_1_45' title="bbox 220 2594 925 2635; baseline 0.007 -13"><span class='ocrx_word' id='word_1_278' title='bbox 220 2595 389 2632; x_wconf 81' lang='lat' dir='ltr'>veterum,</span> <span class='ocrx_word' id='word_1_279' title='bbox 406 2603 472 2634; x_wconf 92' lang='lat' dir='ltr'>quo</span> <span class='ocrx_word' id='word_1_280' title='bbox 498 2594 660 2635; x_wconf 75' lang='lat' dir='ltr'>infantes,</span> <span class='ocrx_word' id='word_1_281' title='bbox 674 2594 771 2626; x_wconf 87' lang='lat' dir='ltr'>simul</span> <span class='ocrx_word' id='word_1_282' title='bbox 797 2605 836 2627; x_wconf 81' lang='lat' dir='ltr'>sc</span> <span class='ocrx_word' id='word_1_283' title='bbox 851 2595 925 2627; x_wconf 82' lang='lat' dir='ltr'>nati</span> 
     </span>
     <span class='ocr_line' id='line_1_46' title="bbox 221 2643 924 2687; baseline 0.006 -14"><span class='ocrx_word' id='word_1_284' title='bbox 221 2647 349 2683; x_wconf 79' lang='lat' dir='ltr'>essent,</span> <span class='ocrx_word' id='word_1_285' title='bbox 362 2643 454 2674; x_wconf 88' lang='lat' dir='ltr'>humi</span> <span class='ocrx_word' id='word_1_286' title='bbox 469 2643 744 2687; x_wconf 85' lang='lat' dir='ltr'>deponebantur,</span> <span class='ocrx_word' id='word_1_287' title='bbox 768 2649 806 2677; x_wconf 89' lang='lat' dir='ltr'>nt</span> <span class='ocrx_word' id='word_1_288' title='bbox 822 2654 924 2677; x_wconf 88' lang='lat' dir='ltr'>vene-</span> 
     </span>
     <span class='ocr_line' id='line_1_47' title="bbox 222 2695 922 2737; baseline 0.009 -15"><span class='ocrx_word' id='word_1_289' title='bbox 222 2696 381 2724; x_wconf 81' lang='lat' dir='ltr'>rarentur</span> <span class='ocrx_word' id='word_1_290' title='bbox 402 2697 530 2725; x_wconf 83' lang='lat' dir='ltr'>terram</span> <span class='ocrx_word' id='word_1_291' title='bbox 554 2695 703 2727; x_wconf 89' lang='lat' dir='ltr'>omnium</span> <span class='ocrx_word' id='word_1_292' title='bbox 728 2700 922 2737; x_wconf 77' lang='lat' dir='ltr'>parentem,</span> 
     </span>
     <span class='ocr_line' id='line_1_48' title="bbox 221 2742 922 2788; baseline 0.009 -14"><span class='ocrx_word' id='word_1_293' title='bbox 221 2751 262 2774; x_wconf 87' lang='lat' dir='ltr'>ac</span> <span class='ocrx_word' id='word_1_294' title='bbox 291 2742 533 2784; x_wconf 85' lang='lat' dir='ltr'>profiterentur</span> <span class='ocrx_word' id='word_1_295' title='bbox 558 2754 594 2777; x_wconf 82' lang='lat' dir='ltr'>se</span> <span class='ocrx_word' id='word_1_296' title='bbox 622 2754 665 2776; x_wconf 90' lang='lat' dir='ltr'>ex</span> <span class='ocrx_word' id='word_1_297' title='bbox 691 2756 731 2777; x_wconf 88' lang='lat' dir='ltr'>ea</span> <span class='ocrx_word' id='word_1_298' title='bbox 757 2747 922 2788; x_wconf 83' lang='lat' dir='ltr'>originem</span> 
     </span>
    </p>
   </div>
   <div class='ocr_carea' id='block_1_12' title="bbox 962 1680 1170 1714">
    <p class='ocr_par' dir='ltr' id='par_1_15' title="bbox 962 1680 1170 1714">
     <span class='ocr_line' id='line_1_49' title="bbox 962 1680 1170 1714; baseline 0.01 -2"><span class='ocrx_word' id='word_1_299' title='bbox 962 1681 1060 1713; x_wconf 81' lang='lat' dir='ltr'>&#39;mine</span> <span class='ocrx_word' id='word_1_300' title='bbox 1075 1680 1170 1714; x_wconf 59' lang='lat' dir='ltr'>fovi?</span> 
     </span>
    </p>
   </div>
   <div class='ocr_carea' id='block_1_13' title="bbox 967 1273 1682 2789">
    <p class='ocr_par' dir='ltr' id='par_1_16' title="bbox 967 1273 1673 1471">
     <span class='ocr_line' id='line_1_50' title="bbox 967 1273 1671 1318; baseline -0.003 -11"><span class='ocrx_word' id='word_1_301' title='bbox 967 1276 1116 1309; x_wconf 81' lang='lat' dir='ltr'>trahere.</span> <span class='ocrx_word' id='word_1_302' title='bbox 1145 1277 1315 1318; x_wconf 86' lang='lat' dir='ltr'>Exempla</span> <span class='ocrx_word' id='word_1_303' title='bbox 1329 1276 1456 1318; x_wconf 79' lang='lat' dir='ltr'>passim</span> <span class='ocrx_word' id='word_1_304' title='bbox 1470 1275 1569 1308; x_wconf 84' lang='lat' dir='ltr'>obvia</span> <span class='ocrx_word' id='word_1_305' title='bbox 1578 1273 1671 1316; x_wconf 86' lang='lat' dir='ltr'>apud</span> 
     </span>
     <span class='ocr_line' id='line_1_51' title="bbox 968 1325 1673 1368; baseline -0.001 -10"><span class='ocrx_word' id='word_1_306' title='bbox 968 1330 1124 1358; x_wconf 76' lang='lat' dir='ltr'>auctores</span> <span class='ocrx_word' id='word_1_307' title='bbox 1151 1331 1187 1359; x_wconf 89' lang='lat' dir='ltr'>et</span> <span class='ocrx_word' id='word_1_308' title='bbox 1213 1327 1351 1360; x_wconf 73' lang='lat' dir='ltr'>Poetas.</span> <span class='ocrx_word' id='word_1_309' title='bbox 1395 1327 1529 1359; x_wconf 81' lang='lat' dir='ltr'>Noster</span> <span class='ocrx_word' id='word_1_310' title='bbox 1546 1325 1673 1368; x_wconf 79' lang='lat' dir='ltr'>Epioe·</span> 
     </span>
     <span class='ocr_line' id='line_1_52' title="bbox 969 1375 1672 1420; baseline -0.003 -11"><span class='ocrx_word' id='word_1_311' title='bbox 969 1377 1024 1409; x_wconf 86' lang='lat' dir='ltr'>dio</span> <span class='ocrx_word' id='word_1_312' title='bbox 1041 1377 1075 1409; x_wconf 92' lang='lat' dir='ltr'>in</span> <span class='ocrx_word' id='word_1_313' title='bbox 1090 1377 1198 1410; x_wconf 85' lang='lat' dir='ltr'>filium</span> <span class='ocrx_word' id='word_1_314' title='bbox 1212 1389 1220 1410; x_wconf 92' lang='lat'>:</span> <span class='ocrx_word' id='word_1_315' title='bbox 1246 1379 1257 1396; x_wconf 90' lang='lat'>‘</span> <span class='ocrx_word' id='word_1_316' title='bbox 1269 1379 1370 1410; x_wconf 87' lang='lat' dir='ltr'>Meus</span> <span class='ocrx_word' id='word_1_317' title='bbox 1387 1378 1458 1420; x_wconf 91' lang='lat' dir='ltr'>ille,</span> <span class='ocrx_word' id='word_1_318' title='bbox 1472 1386 1590 1410; x_wconf 83' lang='lat' dir='ltr'>meus:</span> <span class='ocrx_word' id='word_1_319' title='bbox 1606 1375 1672 1408; x_wconf 87' lang='lat' dir='ltr'>tel-</span> 
     </span>
     <span class='ocr_line' id='line_1_53' title="bbox 967 1428 1409 1471; baseline 0 -11"><span class='ocrx_word' id='word_1_320' title='bbox 967 1429 1041 1460; x_wconf 86' lang='lat' dir='ltr'>lure</span> <span class='ocrx_word' id='word_1_321' title='bbox 1057 1429 1236 1461; x_wconf 86' lang='lat' dir='ltr'>cadentem</span> <span class='ocrx_word' id='word_1_322' title='bbox 1253 1428 1409 1471; x_wconf 70' lang='lat' dir='ltr'>Excepi!</span> 
     </span>
    </p>

    <p class='ocr_par' dir='ltr' id='par_1_17' title="bbox 969 1479 1681 2435">
     <span class='ocr_line' id='line_1_54' title="bbox 1010 1479 1673 1521; baseline -0.002 -11"><span class='ocrx_word' id='word_1_323' title='bbox 1010 1481 1050 1510; x_wconf 86' lang='grc'>61</span> <span class='ocrx_word' id='word_1_324' title='bbox 1077 1479 1204 1511; x_wconf 77' lang='lat' dir='ltr'>Fovisti</span> <span class='ocrx_word' id='word_1_325' title='bbox 1226 1480 1363 1521; x_wconf 81' lang='lat' dir='ltr'>gremio]</span> <span class='ocrx_word' id='word_1_326' title='bbox 1385 1480 1432 1512; x_wconf 88' lang='lat' dir='ltr'>Et</span> <span class='ocrx_word' id='word_1_327' title='bbox 1448 1479 1483 1511; x_wconf 89' lang='lat' dir='ltr'>id</span> <span class='ocrx_word' id='word_1_328' title='bbox 1506 1489 1550 1511; x_wconf 86' lang='lat' dir='ltr'>ex</span> <span class='ocrx_word' id='word_1_329' title='bbox 1566 1487 1673 1510; x_wconf 83' lang='lat' dir='ltr'>more.</span> 
     </span>
     <span class='ocr_line' id='line_1_55' title="bbox 969 1527 1673 1570; baseline 0.001 -11"><span class='ocrx_word' id='word_1_330' title='bbox 969 1527 1059 1559; x_wconf 86' lang='lat' dir='ltr'>Nam</span> <span class='ocrx_word' id='word_1_331' title='bbox 1076 1528 1120 1560; x_wconf 80' lang='lat' dir='ltr'>ab</span> <span class='ocrx_word' id='word_1_332' title='bbox 1134 1529 1235 1561; x_wconf 79' lang='lat' dir='ltr'>humo</span> <span class='ocrx_word' id='word_1_333' title='bbox 1258 1529 1422 1562; x_wconf 78' lang='lat' dir='ltr'>infantem</span> <span class='ocrx_word' id='word_1_334' title='bbox 1447 1529 1593 1562; x_wconf 79' lang='lat' dir='ltr'>tollebat</span> <span class='ocrx_word' id='word_1_335' title='bbox 1613 1538 1673 1570; x_wconf 86' lang='lat' dir='ltr'>pa-</span> 
     </span>
     <span class='ocr_line' id='line_1_56' title="bbox 969 1579 1674 1623; baseline -0.001 -12"><span class='ocrx_word' id='word_1_336' title='bbox 969 1584 1033 1621; x_wconf 79' lang='lat' dir='ltr'>ter,</span> <span class='ocrx_word' id='word_1_337' title='bbox 1051 1584 1087 1612; x_wconf 91' lang='lat' dir='ltr'>et</span> <span class='ocrx_word' id='word_1_338' title='bbox 1107 1581 1143 1612; x_wconf 87' lang='lat' dir='ltr'>in</span> <span class='ocrx_word' id='word_1_339' title='bbox 1169 1580 1280 1613; x_wconf 86' lang='lat' dir='ltr'>sinum</span> <span class='ocrx_word' id='word_1_340' title='bbox 1294 1581 1498 1623; x_wconf 84' lang='lat' dir='ltr'>recipiebat.</span> <span class='ocrx_word' id='word_1_341' title='bbox 1545 1579 1674 1612; x_wconf 79' lang='lat' dir='ltr'>Eodem</span> 
     </span>
     <span class='ocr_line' id='line_1_57' title="bbox 969 1630 1675 1672; baseline -0.003 -10"><span class='ocrx_word' id='word_1_342' title='bbox 969 1630 1158 1672; x_wconf 87' lang='lat' dir='ltr'>Epicedio:</span> <span class='ocrx_word' id='word_1_343' title='bbox 1181 1631 1192 1648; x_wconf 85' lang='lat'>‘</span> <span class='ocrx_word' id='word_1_344' title='bbox 1204 1631 1251 1663; x_wconf 87' lang='lat' dir='ltr'>Et</span> <span class='ocrx_word' id='word_1_345' title='bbox 1267 1631 1419 1664; x_wconf 81' lang='lat' dir='ltr'>vinctum</span> <span class='ocrx_word' id='word_1_346' title='bbox 1443 1630 1584 1672; x_wconf 76' lang='lat' dir='ltr'>genitali</span> <span class='ocrx_word' id='word_1_347' title='bbox 1601 1639 1675 1661; x_wconf 80' lang='lat' dir='ltr'>car-</span> 
     </span>
     <span class='ocr_line' id='line_1_58' title="bbox 1216 1680 1676 1724; baseline -0.002 -10"><span class='ocrx_word' id='word_1_348' title='bbox 1216 1683 1263 1714; x_wconf 87' lang='lat' dir='ltr'>Et</span> <span class='ocrx_word' id='word_1_349' title='bbox 1282 1682 1397 1724; x_wconf 84' lang='lat' dir='ltr'>Epitb.</span> <span class='ocrx_word' id='word_1_350' title='bbox 1413 1682 1551 1714; x_wconf 69' lang='lat' dir='ltr'>Stenae:</span> <span class='ocrx_word' id='word_1_351' title='bbox 1577 1682 1587 1698; x_wconf 92' lang='lat'>‘</span> <span class='ocrx_word' id='word_1_352' title='bbox 1598 1680 1676 1713; x_wconf 79' lang='lat' dir='ltr'>Tel-</span> 
     </span>
     <span class='ocr_line' id='line_1_59' title="bbox 969 1729 1676 1774; baseline 0.001 -11"><span class='ocrx_word' id='word_1_353' title='bbox 969 1732 1045 1765; x_wconf 86' lang='lat' dir='ltr'>lure</span> <span class='ocrx_word' id='word_1_354' title='bbox 1061 1733 1242 1765; x_wconf 81' lang='lat' dir='ltr'>cadentem</span> <span class='ocrx_word' id='word_1_355' title='bbox 1257 1732 1404 1774; x_wconf 81' lang='lat' dir='ltr'>Excepi,</span> <span class='ocrx_word' id='word_1_356' title='bbox 1420 1731 1560 1774; x_wconf 83' lang='lat' dir='ltr'>fovique</span> <span class='ocrx_word' id='word_1_357' title='bbox 1575 1729 1676 1764; x_wconf 66' lang='lat' dir='ltr'>sinu!</span> 
     </span>
     <span class='ocr_line' id='line_1_60' title="bbox 970 1779 1676 1826; baseline -0.001 -10"><span class='ocrx_word' id='word_1_358' title='bbox 970 1784 1018 1816; x_wconf 91' lang='lat' dir='ltr'>Et</span> <span class='ocrx_word' id='word_1_359' title='bbox 1043 1785 1101 1816; x_wconf 87' lang='lat' dir='ltr'>hic</span> <span class='ocrx_word' id='word_1_360' title='bbox 1126 1788 1274 1816; x_wconf 83' lang='lat' dir='ltr'>testatur</span> <span class='ocrx_word' id='word_1_361' title='bbox 1299 1784 1460 1826; x_wconf 79' lang='lat' dir='ltr'>OEdipus,</span> <span class='ocrx_word' id='word_1_362' title='bbox 1486 1779 1676 1825; x_wconf 63' lang='lat' dir='ltr'>omnia‘pa-</span> 
     </span>
     <span class='ocr_line' id='line_1_61' title="bbox 971 1833 1677 1875; baseline 0 -10"><span class='ocrx_word' id='word_1_363' title='bbox 971 1839 1107 1866; x_wconf 87' lang='lat' dir='ltr'>rentum</span> <span class='ocrx_word' id='word_1_364' title='bbox 1135 1833 1250 1867; x_wconf 84' lang='lat' dir='ltr'>officia</span> <span class='ocrx_word' id='word_1_365' title='bbox 1275 1834 1340 1866; x_wconf 82' lang='lat' dir='ltr'>sibi</span> <span class='ocrx_word' id='word_1_366' title='bbox 1363 1834 1567 1875; x_wconf 83' lang='lat' dir='ltr'>praestitisse</span> <span class='ocrx_word' id='word_1_367' title='bbox 1589 1833 1677 1865; x_wconf 88' lang='lat' dir='ltr'>Tisi-</span> 
     </span>
     <span class='ocr_line' id='line_1_62' title="bbox 971 1884 1677 1927; baseline -0.001 -10"><span class='ocrx_word' id='word_1_368' title='bbox 971 1886 1121 1927; x_wconf 86' lang='lat' dir='ltr'>phonen,</span> <span class='ocrx_word' id='word_1_369' title='bbox 1148 1895 1225 1918; x_wconf 89' lang='lat' dir='ltr'>cnm</span> <span class='ocrx_word' id='word_1_370' title='bbox 1242 1885 1315 1918; x_wconf 86' lang='lat' dir='ltr'>veri</span> <span class='ocrx_word' id='word_1_371' title='bbox 1340 1885 1431 1918; x_wconf 89' lang='lat' dir='ltr'>illius</span> <span class='ocrx_word' id='word_1_372' title='bbox 1454 1889 1616 1927; x_wconf 79' lang='lat' dir='ltr'>parentes</span> <span class='ocrx_word' id='word_1_373' title='bbox 1633 1884 1677 1916; x_wconf 86' lang='lat' dir='ltr'>de</span> 
     </span>
     <span class='ocr_line' id='line_1_63' title="bbox 972 1935 1680 1979; baseline 0 -11"><span class='ocrx_word' id='word_1_374' title='bbox 972 1946 1013 1968; x_wconf 89' lang='lat' dir='ltr'>eo</span> <span class='ocrx_word' id='word_1_375' title='bbox 1028 1937 1205 1979; x_wconf 89' lang='lat' dir='ltr'>perdendo</span> <span class='ocrx_word' id='word_1_376' title='bbox 1221 1937 1445 1979; x_wconf 81' lang='lat' dir='ltr'>cogitassent.</span> <span class='ocrx_word' id='word_1_377' title='bbox 1472 1936 1550 1970; x_wconf 81' lang='lat' dir='ltr'>Si...</span> <span class='ocrx_word' id='word_1_378' title='bbox 1566 1935 1680 1976; x_wconf 70' lang='grc' dir='ltr'>ἐναύει-</span> 
     </span>
     <span class='ocr_line' id='line_1_64' title="bbox 971 1985 1681 2030; baseline -0.003 -10"><span class='ocrx_word' id='word_1_379' title='bbox 971 1991 1040 2020; x_wconf 77' lang='lat' dir='ltr'>tum</span> <span class='ocrx_word' id='word_1_380' title='bbox 1053 1988 1180 2020; x_wconf 80' lang='lat' dir='ltr'>vulnere</span> <span class='ocrx_word' id='word_1_381' title='bbox 1200 1989 1323 2030; x_wconf 72' lang='lat' dir='ltr'>plantas</span> <span class='ocrx_word' id='word_1_382' title='bbox 1340 1985 1509 2028; x_wconf 58' lang='lat' dir='ltr'>firmasti]</span> <span class='ocrx_word' id='word_1_383' title='bbox 1532 1985 1681 2028; x_wconf 85' lang='lat' dir='ltr'>OEdipus</span> 
     </span>
     <span class='ocr_line' id='line_1_65' title="bbox 974 2039 1678 2082; baseline -0.001 -10"><span class='ocrx_word' id='word_1_384' title='bbox 974 2041 1076 2082; x_wconf 86' lang='lat' dir='ltr'>enim,</span> <span class='ocrx_word' id='word_1_385' title='bbox 1119 2041 1178 2073; x_wconf 92' lang='lat' dir='ltr'>ubi</span> <span class='ocrx_word' id='word_1_386' title='bbox 1207 2041 1242 2072; x_wconf 92' lang='lat' dir='ltr'>in</span> <span class='ocrx_word' id='word_1_387' title='bbox 1273 2041 1469 2074; x_wconf 65' lang='lat' dir='ltr'>Cithaerone</span> <span class='ocrx_word' id='word_1_388' title='bbox 1499 2039 1678 2082; x_wconf 83' lang='lat' dir='ltr'>expositus</span> 
     </span>
     <span class='ocr_line' id='line_1_66' title="bbox 973 2090 1678 2134; baseline -0.001 -11"><span class='ocrx_word' id='word_1_389' title='bbox 973 2090 1051 2134; x_wconf 78' lang='lat' dir='ltr'>fuit,</span> <span class='ocrx_word' id='word_1_390' title='bbox 1069 2091 1222 2133; x_wconf 81' lang='lat' dir='ltr'>trajectis</span> <span class='ocrx_word' id='word_1_391' title='bbox 1242 2092 1316 2124; x_wconf 87' lang='lat' dir='ltr'>loro</span> <span class='ocrx_word' id='word_1_392' title='bbox 1330 2090 1489 2134; x_wconf 20' lang='lat' dir='ltr'>,pedibus</span> <span class='ocrx_word' id='word_1_393' title='bbox 1514 2090 1558 2123; x_wconf 81' lang='lat' dir='ltr'>ad</span> <span class='ocrx_word' id='word_1_394' title='bbox 1579 2090 1678 2123; x_wconf 76' lang='lat' dir='ltr'>arbo·</span> 
     </span>
     <span class='ocr_line' id='line_1_67' title="bbox 974 2140 1679 2183; baseline -0.001 -10"><span class='ocrx_word' id='word_1_395' title='bbox 974 2151 1045 2173; x_wconf 90' lang='lat' dir='ltr'>rem</span> <span class='ocrx_word' id='word_1_396' title='bbox 1061 2151 1241 2183; x_wconf 82' lang='lat' dir='ltr'>suspensus</span> <span class='ocrx_word' id='word_1_397' title='bbox 1256 2146 1320 2175; x_wconf 84' lang='lat' dir='ltr'>est.</span> <span class='ocrx_word' id='word_1_398' title='bbox 1363 2142 1463 2174; x_wconf 88' lang='lat' dir='ltr'>Unde</span> <span class='ocrx_word' id='word_1_399' title='bbox 1473 2141 1560 2174; x_wconf 81' lang='lat' dir='ltr'>ratio</span> <span class='ocrx_word' id='word_1_400' title='bbox 1571 2140 1679 2173; x_wconf 85' lang='lat' dir='ltr'>nomi-</span> 
     </span>
     <span class='ocr_line' id='line_1_68' title="bbox 976 2191 1680 2233; baseline 0 -11"><span class='ocrx_word' id='word_1_401' title='bbox 976 2191 1028 2223; x_wconf 89' lang='lat' dir='ltr'>nis</span> <span class='ocrx_word' id='word_1_402' title='bbox 1055 2192 1190 2233; x_wconf 80' lang='lat' dir='ltr'>petita:</span> <span class='ocrx_word' id='word_1_403' title='bbox 1211 2201 1289 2223; x_wconf 83' lang='lat' dir='ltr'>nam</span> <span class='ocrx_word' id='word_1_404' title='bbox 1320 2201 1340 2223; x_wconf 87' lang='lat' dir='ltr'><strong>a</strong></span> <span class='ocrx_word' id='word_1_405' title='bbox 1363 2191 1509 2233; x_wconf 87' lang='lat' dir='ltr'>pedibus</span> <span class='ocrx_word' id='word_1_406' title='bbox 1539 2192 1680 2223; x_wconf 85' lang='lat' dir='ltr'>vulnere</span> 
     </span>
     <span class='ocr_line' id='line_1_69' title="bbox 976 2238 1680 2283; baseline -0.001 -10"><span class='ocrx_word' id='word_1_407' title='bbox 976 2241 1184 2274; x_wconf 85' lang='lat' dir='ltr'>tumentibus</span> <span class='ocrx_word' id='word_1_408' title='bbox 1207 2238 1356 2283; x_wconf 86' lang='lat' dir='ltr'>OEdipus</span> <span class='ocrx_word' id='word_1_409' title='bbox 1385 2241 1577 2273; x_wconf 79' lang='lat' dir='ltr'>nominatus</span> <span class='ocrx_word' id='word_1_410' title='bbox 1598 2239 1680 2273; x_wconf 84' lang='lat' dir='ltr'>fnit.</span> 
     </span>
     <span class='ocr_line' id='line_1_70' title="bbox 976 2289 1680 2332; baseline 0 -9"><span class='ocrx_word' id='word_1_411' title='bbox 976 2292 1105 2324; x_wconf 74' lang='lat' dir='ltr'>Seneca</span> <span class='ocrx_word' id='word_1_412' title='bbox 1121 2292 1155 2323; x_wconf 92' lang='lat' dir='ltr'>in</span> <span class='ocrx_word' id='word_1_413' title='bbox 1171 2292 1317 2332; x_wconf 88' lang='lat' dir='ltr'>OEdipo:</span> <span class='ocrx_word' id='word_1_414' title='bbox 1335 2291 1345 2310; x_wconf 86' lang='lat'><em>‘</em></span> <span class='ocrx_word' id='word_1_415' title='bbox 1356 2291 1482 2323; x_wconf 77' lang='lat' dir='ltr'>Forata</span> <span class='ocrx_word' id='word_1_416' title='bbox 1493 2289 1588 2323; x_wconf 79' lang='lat' dir='ltr'>ferro</span> <span class='ocrx_word' id='word_1_417' title='bbox 1604 2300 1680 2332; x_wconf 70' lang='lat' dir='ltr'>ges-</span> 
     </span>
     <span class='ocr_line' id='line_1_71' title="bbox 978 2343 1679 2384; baseline -0.003 -10"><span class='ocrx_word' id='word_1_418' title='bbox 978 2352 1070 2374; x_wconf 81' lang='lat' dir='ltr'>seras</span> <span class='ocrx_word' id='word_1_419' title='bbox 1086 2343 1241 2384; x_wconf 83' lang='lat' dir='ltr'>vestigia,</span> <span class='ocrx_word' id='word_1_420' title='bbox 1262 2343 1410 2375; x_wconf 82' lang='lat' dir='ltr'>Tumore</span> <span class='ocrx_word' id='word_1_421' title='bbox 1422 2345 1544 2375; x_wconf 79' lang='lat' dir='ltr'>nactus</span> <span class='ocrx_word' id='word_1_422' title='bbox 1555 2351 1679 2375; x_wconf 81' lang='lat' dir='ltr'>nomen</span> 
     </span>
     <span class='ocr_line' id='line_1_72' title="bbox 978 2392 1282 2435; baseline 0.003 -10"><span class='ocrx_word' id='word_1_423' title='bbox 978 2398 1015 2425; x_wconf 88' lang='lat' dir='ltr'>et</span> <span class='ocrx_word' id='word_1_424' title='bbox 1032 2393 1117 2426; x_wconf 82' lang='lat' dir='ltr'>vitio</span> <span class='ocrx_word' id='word_1_425' title='bbox 1134 2392 1282 2435; x_wconf 69' lang='lat' dir='ltr'>pedum!</span> 
     </span>
    </p>

    <p class='ocr_par' dir='ltr' id='par_1_18' title="bbox 977 2441 1682 2789">
     <span class='ocr_line' id='line_1_73' title="bbox 1023 2441 1680 2485; baseline -0.002 -9"><span class='ocrx_word' id='word_1_426' title='bbox 1023 2447 1066 2477; x_wconf 83' lang='lat'>62</span> <span class='ocrx_word' id='word_1_427' title='bbox 1089 2444 1128 2476; x_wconf 85' lang='lat' dir='ltr'>Si</span> <span class='ocrx_word' id='word_1_428' title='bbox 1149 2447 1266 2484; x_wconf 75' lang='lat' dir='ltr'>stagna</span> <span class='ocrx_word' id='word_1_429' title='bbox 1288 2444 1366 2485; x_wconf 79' lang='lat' dir='ltr'>petii</span> <span class='ocrx_word' id='word_1_430' title='bbox 1383 2443 1536 2485; x_wconf 73' lang='lat' dir='ltr'>Cyrrhoea</span> <span class='ocrx_word' id='word_1_431' title='bbox 1559 2441 1680 2475; x_wconf 62' lang='lat' dir='ltr'>bicorni</span> 
     </span>
     <span class='ocr_line' id='line_1_74' title="bbox 980 2493 1680 2536; baseline -0.003 -10"><span class='ocrx_word' id='word_1_432' title='bbox 980 2496 1143 2535; x_wconf 77' lang='lat' dir='ltr'>Interfusa</span> <span class='ocrx_word' id='word_1_433' title='bbox 1156 2495 1254 2536; x_wconf 74' lang='lat' dir='ltr'>jugo]</span> <span class='ocrx_word' id='word_1_434' title='bbox 1275 2495 1422 2536; x_wconf 86' lang='lat' dir='ltr'>OEdipus</span> <span class='ocrx_word' id='word_1_435' title='bbox 1446 2494 1502 2525; x_wconf 88' lang='lat' dir='ltr'>hic</span> <span class='ocrx_word' id='word_1_436' title='bbox 1530 2494 1605 2525; x_wconf 87' lang='lat' dir='ltr'>vult</span> <span class='ocrx_word' id='word_1_437' title='bbox 1630 2493 1680 2524; x_wconf 91' lang='lat' dir='ltr'>in-</span> 
     </span>
     <span class='ocr_line' id='line_1_75' title="bbox 980 2544 1682 2587; baseline -0.001 -10"><span class='ocrx_word' id='word_1_438' title='bbox 980 2555 1086 2577; x_wconf 86' lang='lat' dir='ltr'>nuere</span> <span class='ocrx_word' id='word_1_439' title='bbox 1103 2555 1140 2576; x_wconf 79' lang='lat' dir='ltr'>se</span> <span class='ocrx_word' id='word_1_440' title='bbox 1159 2546 1302 2586; x_wconf 76' lang='lat' dir='ltr'>petiisse</span> <span class='ocrx_word' id='word_1_441' title='bbox 1323 2545 1490 2587; x_wconf 82' lang='lat' dir='ltr'>Delphos,</span> <span class='ocrx_word' id='word_1_442' title='bbox 1508 2549 1569 2576; x_wconf 79' lang='lat' dir='ltr'>ant</span> <span class='ocrx_word' id='word_1_443' title='bbox 1596 2544 1682 2586; x_wconf 80' lang='lat' dir='ltr'>Cyr-</span> 
     </span>
     <span class='ocr_line' id='line_1_76' title="bbox 981 2594 1681 2637; baseline -0.001 -10"><span class='ocrx_word' id='word_1_444' title='bbox 981 2595 1087 2636; x_wconf 84' lang='lat' dir='ltr'>rham,</span> <span class='ocrx_word' id='word_1_445' title='bbox 1110 2595 1249 2627; x_wconf 77' lang='lat' dir='ltr'>oraculo</span> <span class='ocrx_word' id='word_1_446' title='bbox 1274 2594 1438 2637; x_wconf 82' lang='lat' dir='ltr'>Apollinis</span> <span class='ocrx_word' id='word_1_447' title='bbox 1453 2594 1621 2636; x_wconf 82' lang='lat' dir='ltr'>celebres,</span> <span class='ocrx_word' id='word_1_448' title='bbox 1640 2599 1681 2626; x_wconf 86' lang='lat' dir='ltr'>ut</span> 
     </span>
     <span class='ocr_line' id='line_1_77' title="bbox 979 2645 1680 2687; baseline 0.001 -10"><span class='ocrx_word' id='word_1_449' title='bbox 979 2647 1177 2678; x_wconf 84' lang='lat' dir='ltr'>consuleret</span> <span class='ocrx_word' id='word_1_450' title='bbox 1189 2645 1382 2687; x_wconf 85' lang='lat' dir='ltr'>Apollinem</span> <span class='ocrx_word' id='word_1_451' title='bbox 1393 2646 1437 2678; x_wconf 87' lang='lat' dir='ltr'>de</span> <span class='ocrx_word' id='word_1_452' title='bbox 1449 2650 1559 2687; x_wconf 81' lang='lat' dir='ltr'>patre.</span> <span class='ocrx_word' id='word_1_453' title='bbox 1582 2645 1680 2686; x_wconf 78' lang='lat' dir='ltr'>Stag-</span> 
     </span>
     <span class='ocr_line' id='line_1_78' title="bbox 977 2695 1682 2739; baseline -0.001 -11"><span class='ocrx_word' id='word_1_454' title='bbox 977 2708 1018 2729; x_wconf 80' lang='lat' dir='ltr'>na</span> <span class='ocrx_word' id='word_1_455' title='bbox 1035 2695 1202 2738; x_wconf 70' lang='lat' dir='ltr'>Cyrrkoea]</span> <span class='ocrx_word' id='word_1_456' title='bbox 1218 2696 1385 2738; x_wconf 87' lang='lat' dir='ltr'>Intelligit</span> <span class='ocrx_word' id='word_1_457' title='bbox 1398 2706 1504 2739; x_wconf 84' lang='lat' dir='ltr'>aquas</span> <span class='ocrx_word' id='word_1_458' title='bbox 1517 2701 1554 2728; x_wconf 88' lang='lat' dir='ltr'>et</span> <span class='ocrx_word' id='word_1_459' title='bbox 1569 2695 1682 2728; x_wconf 80' lang='lat' dir='ltr'>fontes</span> 
     </span>
     <span class='ocr_line' id='line_1_79' title="bbox 977 2746 1682 2789; baseline 0 -11"><span class='ocrx_word' id='word_1_460' title='bbox 977 2748 1034 2789; x_wconf 88' lang='lat' dir='ltr'>qui</span> <span class='ocrx_word' id='word_1_461' title='bbox 1062 2753 1141 2779; x_wconf 89' lang='lat' dir='ltr'>snnt</span> <span class='ocrx_word' id='word_1_462' title='bbox 1167 2756 1271 2789; x_wconf 84' lang='lat' dir='ltr'>supra</span> <span class='ocrx_word' id='word_1_463' title='bbox 1299 2747 1518 2787; x_wconf 79' lang='lat' dir='ltr'>Parnassum,</span> <span class='ocrx_word' id='word_1_464' title='bbox 1542 2746 1600 2789; x_wconf 91' lang='lat' dir='ltr'>qui</span> <span class='ocrx_word' id='word_1_465' title='bbox 1619 2747 1682 2779; x_wconf 85' lang='lat' dir='ltr'>du-</span> 
     </span>
    </p>
   </div>
  </div>
 </body>
</html>
