1820 3068
257 228 344 270 940

758 241 799 271 Ρ.
834 239 1022 272 ΡΑΡΙΝῙΙ

1057 241 1221 273 STA'rn

259 333 546 385 CoIlustrent,
564 333 774 390 nullaque
794 336 1040 378 umbratam
1057 336 1173 378 nube
1192 336 1379 392 Syenen.

257 402 458 444 Tandem
477 402 591 444 inter
611 403 762 457 sylvas
782 404 869 456 (sic
885 403 1027 445 Evius
1045 404 1142 459 ipse
1163 404 1373 461 parabat)

259 470 468 513 Errantes
490 470 678 513 subitam
699 472 885 525 pulchro
906 472 954 513 in
972 485 1164 514 moerore
1185 477 1358 516 tuentur

1623 484 1626 487 '
1639 475 1726 518 740

260 537 576 593 Hypsipylen:
605 539 671 581 illi
687 540 897 594 quamvis
916 544 962 582 et
977 541 1035 582 ab
1051 541 1186 583 ubere
1208 540 1427 596 Opheltes

262 605 367 647 Non
389 620 515 657 suus,
537 606 710 650 Inachii
732 608 883 661 proles
897 606 1091 650 infausta
1111 608 1303 664 Lycurgi

259 673 517 729 Dependet,
539 676 741 729 neglecta
756 688 947 728 comam,
967 688 1051 718 nec
1071 676 1197 718 dives
1217 678 1411 730 amictu;

260 739 457 795 Regales
476 745 620 784 tamen
640 755 716 785 ore
733 747 868 794 notae,
885 756 967 785 nec
983 756 1158 786 mersus
1179 746 1354 788 acerbis

259 809 399 852 Extat
418 810 577 852 honos.
626 810 755 853 Tunc
777 811 877 853 haec
897 811 1012 853 adeo
1032 812 1302 867 stupefactus
1323 813 1566 859 Adrastus:

1628 794 1728 859 '745

258 876 383 920 Diva
402 881 559 933 potens
579 891 819 931 nemorum,
840 878 966 936 (nam
986 885 1032 922 te
1053 881 1292 937 vultusque
1312 883 1542 939 pudorque

257 1011 314 1039 aut
327 1009 450 1040 deserta
464 1018 631 1041 arenarum
643 1009 778 1050 Africoe,
800 1014 831 1043 et
845 1010 971 1053 Syenen
993 1011 1080 1043 nulla
1105 1011 1184 1044 nube
1206 1017 1378 1054 opacatum.
1425 1013 1562 1047 Tandem
1584 1014 1728 1055 palantes

257 1051 343 1082 inter
367 1061 495 1084 nemora
520 1051 582 1094 <sic
606 1053 672 1093 ipse
697 1054 842 1086 Bacchus
866 1052 1002 1096 volebat)
1021 1055 1127 1086 vident
1142 1055 1299 1097 inopinam
1315 1056 1515 1099 Hypsipylen
1529 1057 1564 1089 in
1578 1056 1728 1100 tristitia,

257 1093 472 1134 quoeformam
486 1094 554 1134 eius
567 1105 627 1127 non
642 1097 867 1138 cor-rumpebat.
910 1097 956 1129 Et
969 1098 1109 1138 quamvis
1126 1097 1277 1139 Opheltes
1299 1110 1361 1132 rum
1382 1109 1457 1131 suus
1469 1100 1576 1142 filius,
1598 1100 1655 1132 sed
1675 1100 1728 1132 in-

254 1135 338 1173 felix
352 1137 467 1170 soboles
477 1138 618 1179 Lycurgi
631 1139 768 1176 Inachii,
780 1140 831 1172 illi
844 1140 977 1181 pendeat
993 1150 1012 1171 a
1027 1150 1174 1182 mamma,
1187 1144 1219 1173 et
1231 1142 1290 1174 illa
1300 1143 1413 1175 habeat
1423 1143 1574 1175 incomtos
1582 1143 1727 1184 capillos,

257 1182 289 1210 et
305 1179 399 1212 vilem
412 1181 562 1213 vestitum
573 1191 587 1219 ;
604 1182 699 1222 signa
713 1187 817 1215 tamen
831 1183 929 1223 regioe
943 1182 1080 1223 originis
1093 1184 1213 1216 elucent
1227 1186 1262 1217 in
1278 1186 1345 1225 eius
1366 1187 1468 1226 vultu,
1489 1189 1521 1218 et
1543 1187 1636 1218 decus
1649 1187 1727 1218 emi-

256 1226 312 1253 net
325 1232 386 1254 non
411 1224 585 1256 extinctum
608 1226 851 1257 calamitatibus.
898 1226 984 1258 Tune
1008 1225 1167 1258 Adrastus
1190 1229 1231 1259 acl
1256 1229 1322 1261 haec
1344 1229 1475 1260 multum
1499 1228 1727 1261 mirabundus:

258 1265 332 1297 Dea
341 1265 463 1307 florens
477 1268 649 1310 sylvarum,
674 1268 736 1307 ait,
757 1271 845 1312 (nam
860 1267 970 1308 forma
996 1271 1027 1300 et
1050 1269 1202 1303 modestia
1216 1272 1431 1304 demonstrant
1443 1275 1475 1304 te
1489 1272 1652 1304 mortalem
1664 1281 1728 1304 non

878 1375 1121 1388 ‘mnne‘

258 1456 362 1479 manu
388 1450 708 1481 correctum.—739
730 1448 815 1482 Pnt.
840 1449 909 1491 ipse
938 1451 1196 1491 parumn-'140
1217 1449 1316 1482 Unus
1341 1449 1470 1483 Bebot.
1507 1454 1545 1482 et
1571 1449 1727 1483 nonnulli

260 1490 462 1522 Barthiani:
490 1491 596 1523 subito
617 1492 900 1533 pulchram—'¹141
924 1493 1118 1535 Hypsipilen
1143 1493 1270 1526 Behot.
1287 1496 1319 1525 l.
1363 1493 1519 1535 ysiplu'len
1543 1492 1667 1526 Behot.
1692 1496 1727 1526 2.

263 1533 416 1574 Ophettes
428 1534 461 1565 in
474 1534 597 1566 eodem
610 1535 853 1568 codice—⁷43
877 1535 988 1569 Codd.
1004 1536 1198 1575 Barthiani,
1209 1546 1296 1568 unus
1311 1536 1439 1568 Behot.
1455 1541 1492 1568 et
1507 1536 1601 1568 Dan.
1617 1545 1681 1577 pro
1694 1545 1728 1568 v·

260 1576 284 1608 l.
316 1586 373 1609 nec
387 1576 468 1609 lecta
482 1588 623 1617 comam5
646 1578 740 1611 Dan.
762 1583 801 1611 et
823 1579 913 1611 alter
935 1579 1061 1612 Behot.
1097 1589 1153 1611 nec
1179 1580 1254 1611 loeta
1275 1589 1416 1619 comam
1439 1579 1476 1611 in
1490 1579 1564 1612 aliis
1577 1579 1678 1612 codd·
1690 1582 1729 1612 et

923 1663 1066 1698 NOTAE

256 1738 310 1770 nis
325 1736 479 1770 obducta
494 1742 589 1778 sunt,
600 1741 662 1772 aut
677 1738 841 1772 ariditate
863 1742 966 1772 terrae
1023 1739 1175 1782 Corporis
1199 1738 1402 1781 pulchritudo
1437 1749 1500 1772 non
1525 1742 1667 1772 murder
1692 1739 1729 1772 in

192 1836 194 1838 Ι
258 1788 397 1821 deserta
416 1793 510 1822 sunt.

301 1841 367 1870 738
391 1839 550 1881 Nullaque
576 1839 756 1873 umbratam
779 1840 860 1873 nube
889 1840 966 1883 Sye-

258 1891 335 1933 nen]
357 1892 471 1934 Syene
494 1891 577 1924 urbs
603 1893 638 1925 in
662 1892 811 1925 confinio
828 1893 968 1935 AEgypti

258 1943 503 1985 et.AEthiopiae‚
527 1942 590 1976 sub
614 1943 749 1985 tropico
765 1943 890 1977 Cancri
915 1943 968 1976 di·

257 1997 356 2026 recte
384 1993 473 2025 sita:
500 1992 592 2026 unde
623 1994 696 2026 sole
726 1994 902 2027 existente
932 1994 968 2026 in

259 2045 408 2081 Cancro,
438 2043 554 2076 medio
594 2044 739 2077 Solstitii
776 2045 834 2077 die
860 2054 968 2087 supra

259 2095 425 2127 verticem
437 2095 605 2137 civitatis,
618 2095 748 2128 nullam
764 2095 812 2128 ibi
826 2105 967 2138 prorsus

258 2145 416 2179 umbram
431 2156 577 2188 corpora
585 2146 737 2188 jaciunt,
751 2146 813 2179 sed
836 2147 966 2179 circum

258 2197 411 2239 undique
423 2197 664 2237 illustrantur3
687 2201 880 2239 puteusque
893 2197 967 2239 ejus

259 2248 490 2290 experimenti
506 2247 619 2290 gratia
638 2246 767 2284 factus,
782 2252 877 2280 totus
892 2247 969 2279 illu-

258 2300 421 2331 minatur.
466 2300 516 2331 Ut
531 2302 586 2332 est
607 2302 727 2330 auctor
747 2297 882 2330 Plinius
909 2297 969 2331 lib.

260 2359 303 2382 n.
320 2359 398 2392 cap.
413 2352 468 2382 ⁷3.
494 2353 532 2382 et
547 2359 625 2381 cum
640 2349 687 2381 ibi
704 2358 876 2391 nunquam
893 2350 968 2390 plu-

260 2402 303 2438 it,
327 2400 406 2433 ideo
419 2400 508 2432 nulla
517 2399 597 2432 nube
606 2398 782 2432 umbratam
792 2399 881 2433 dicit
895 2400 968 2432 Pli-

262 2461 352 2484 nius.

305 2504 371 2534 ⁷39
406 2500 524 2542 Euius]
562 2498 668 2532 Evius
703 2502 969 2540 cognomentum

262 2551 409 2585 Bacchi.
454 2550 548 2582 Vide
561 2549 673 2582 Theb.
684 2558 727 2582 11.
743 2552 797 2583 72.

305 2605 370 2635 740
393 2601 533 2634 Pulchro
547 2601 582 2633 in
596 2599 743 2641 moerore]
770 2599 812 2632 Id
828 2603 896 2642 est,
909 2599 970 2642 qui

262 2655 407 2687 formam
431 2654 506 2695 ejus
529 2662 598 2685 non
620 2651 860 2694 extinguebat.
905 2653 968 2684 Isi-

263 2705 367 2737 dorus
382 2704 583 2736 Pelusiota:
598 2702 641 2735 'rb
655 2701 833 2743 σωματικὸν
849 2700 970 2736 κάλλος

261 2755 325 2788 οὐδ’
340 2753 399 2786 ὑπὸ
407 2757 471 2787 τῶν
482 2752 657 2794 ἐκπλήξεων
665 2754 859 2786 ἀλλοιοῦται·
874 2752 969 2794 σώζει

263 2806 290 2839 δ’
316 2804 405 2848 αὐτὸ,
430 2805 488 2838 κᾶν
512 2804 547 2837 ἐν
570 2806 637 2838 τοῖς
658 2802 798 2847 δακρύοις
824 2803 969 2847 ὑπάρχει.

1019 1794 1146 1832 stupore
1159 1790 1259 1823 animi
1269 1801 1280 1822 .·
1294 1793 1399 1823 servat
1409 1789 1489 1822 illud
1499 1790 1624 1823 “iamsi
1636 1790 1680 1822 sit
1691 1790 1730 1822 in

1020 1841 1180 1884 lacrymis.
1225 1841 1364 1874 Curtius
1388 1841 1431 1873 de
1454 1841 1555 1874 Darii
1583 1839 1728 1883 conjuge

1013 1893 1087 1935 jam
1111 1892 1272 1934 captiva:
1299 1894 1310 1909 ‘
1322 1891 1458 1924 Formae
1473 1890 1729 1933 pulchritudine

1021 1954 1065 1976 ne
1081 1944 1139 1976 illa
1154 1942 1294 1986 quidem
1307 1946 1403 1975 sorte
1418 1940 1607 1983 corrupta!
1651 1941 1730 1973 Ma·-

1021 1993 1121 2026 nilius
1138 1991 1448 2028 deoAndromede:
1472 1993 1483 2011 ‘
1496 1991 1663 2025 Servatur
1677 1996 1728 2024 ta-

1020 2053 1099 2076 men
1127 2044 1164 2076 in
1189 2052 1293 2085 poena
1321 2042 1503 2084 vultusque
1531 2041 1731 2085 decorque3

1022 2094 1199 2136 Supplicia
1213 2093 1291 2135 ipsa
1303 2091 1465 2135 placent!

1063 2147 1126 2178 741
1155 2143 1322 2187 Opheltes]
1358 2143 1593 2177 Archemorus
1606 2148 1730 2187 postea

1022 2196 1147 2229 dictus.

1065 2249 1130 2280 742
1152 2245 1294 2287 Inachii]
1321 2244 1440 2287 Argivi
1455 2255 1517 2278 sen
1532 2245 1670 2279 Nemaei
1683 2244 1728 2280 nd

1021 2297 1279 2331 distinctionem
1303 2296 1446 2328 Thracis
1467 2297 1620 2338 Lycurgi
1637 2296 1729 2329 Buc-

1021 2349 1077 2381 chi
1093 2347 1231 2380 inimici.
1276 2346 1440 2388 Infausta]
1455 2347 1546 2381 Quia
1560 2347 1729 2390 peritura.

1021 2397 1181 2442 Lycurgi]
1203 2396 1293 2430 Vide
1308 2406 1413 2440 supra
1427 2407 1480 2431 vs.
1494 2400 1572 2430 717.

1064 2453 1130 2483 734
1153 2449 1308 2490 Neglecta
1327 2447 1463 2490 mmm]
1499 2448 1650 2483 Quidam
1671 2458 1728 2482 co-

1022 2503 1116 2536 dices
1130 2512 1139 2534 :
1155 2511 1211 2533 nec
1225 2501 1318 2533 lecta.

1065 2555 1130 2586 744
1154 2552 1223 2584 Neo
1236 2560 1355 2584 mersus
1366 2550 1485 2584 acerbis
1498 2550 1605 2583 Extat
1616 2548 1728 2592 lemn]

1022 2606 1156 2638 Seneca
1185 2603 1338 2636 Hercule
1365 2602 1507 2637 OEtaeoz
1528 2602 1540 2621 ‘
1552 2601 1624 2634 Per
1637 2601 1727 2644 ipsas

1022 2656 1133 2696 fulget
1148 2663 1318 2686 aerumnns
1341 2651 1470 2684 decor!

1064 2708 1128 2738 745
1153 2702 1251 2744 Haec]
1283 2701 1326 2735 Id
1349 2707 1416 2742 est,
1436 2700 1726 2743 pulchritudinem

1024 2755 1249 2799 Hypsipyles.
1262 2751 1463 2794 regiamque
1475 2751 1675 2794 dignitatem
1691 2752 1727 2786 in

1023 2808 1122 2841 vultu
1137 2805 1212 2847 ejus
1226 2802 1426 2845 fulgentem.
