1820 3068
218 227 304 271 808

217 334 463 377 Delituisse
483 335 620 377 Deos.
677 335 768 378 Sed
789 350 844 379 ne
867 337 972 379 mihi
991 339 1124 381 corde
1146 352 1379 395 supremos
1432 356 1434 358 '

713 243 754 273 P.
787 243 981 275 PAPlNll
1016 243 1184 276 STA'rn

216 403 432 457 Concipe,
464 415 584 453 cara,
604 406 776 457 metus;
806 406 981 458 quando
995 406 1094 449 haec
1114 412 1288 450 mutare
1307 413 1511 464 potestas

214 469 354 512 Nulla
373 470 527 512 datur:
559 483 661 512 cum
675 471 771 526 jam
791 472 940 528 Tyriis
961 476 1045 516 sub
1065 477 1288 519 moenibus
1308 478 1451 521 ambae

212 537 452 579 Bellabunt
472 543 638 591 gentes,
659 537 809 591 adero,
830 544 875 582 et
893 542 1018 583 socia
1037 555 1160 585 arma
1171 544 1359 599 juvabo.

211 605 339 647 Tunc
359 619 430 647 me
452 607 696 660 sanguineo
712 607 805 649 late
826 608 1046 651 defervere
1067 623 1228 665 campo

211 670 306 713 Res
327 685 462 727 super
479 671 718 728 Argolicas
734 675 853 717 haud
874 677 939 719 sic
960 677 1138 733 dejecta
1159 680 1364 722 videbis:

213 740 320 782 Hoc
340 741 445 782 mihi
460 741 551 796 jus,
571 755 654 785 nec
676 742 792 786 Fata
809 748 974 786 vetant.

210 807 476 862 Flagrantes
496 810 681 852 immisit
701 823 870 865 equos:
901 825 991 854 non
1010 825 1150 869 ocyus
1169 815 1248 857 alti

209 874 264 916 In
284 880 422 918 terras
443 878 563 920 cadit
580 879 646 920 ira
665 878 695 920 J
699 879 810 929 oviS‚
831 880 867 920 si
889 881 1068 934 quando
1087 883 1281 926 nivalem

209 942 397 999 Othryn,
419 950 466 987 et
486 945 665 989 Arctoae
687 947 881 1001 gelidum
904 954 1041 1003 caput
1060 951 1216 994 institit
1237 951 1382 1003 Ossae,

207 1011 505 1067 Armavitque
525 1015 572 1055 in
592 1016 708 1057 nube
729 1029 935 1059 manum:

1597 344 1685 393 310

1593 683 1696 726 315·

1034 745 1112 788 Sic
1136 759 1264 790 orsus
1283 753 1439 803 aperto

967 1019 1089 1060 volat
1108 1020 1234 1074 ignea
1253 1022 1391 1063 moles
1588 1023 1676 1065 320

207 1079 343 1123 Saeva
364 1082 452 1124 Dei
471 1083 684 1126 mandata
704 1083 866 1134 ferens,
886 1085 1138 1141 coelumque
1160 1088 1343 1131 trisulca

206 1198 283 1238 Sed,
305 1210 323 1231 ο
348 1201 473 1242 dilecta,
486 1211 525 1233 ne
540 1202 646 1242 capias
659 1203 762 1233 animo
773 1211 905 1234 summos
920 1203 1059 1242 timores,
1073 1213 1142 1236 cum
1156 1206 1243 1237 nulla
1257 1205 1300 1238 sit
1315 1206 1382 1238 haec
1395 1207 1674 1246 auertendisacul-

205 1245 269 1273 tas.
319 1244 383 1274 Ubi
398 1244 470 1284 jum
489 1244 578 1275 ambo
598 1245 706 1286 populi
726 1245 890 1278 certabunt
910 1245 966 1276 sul>
989 1247 1087 1278 muris
1113 1248 1278 1286 Thebanis,
1300 1249 1475 1290 adveniam,
1496 1254 1526 1283 et
1548 1260 1672 1282 succur-

204 1295 274 1316 ram
287 1286 397 1318 amicis
407 1287 563 1328 partibus.
611 1288 708 1327 Tunc,
729 1297 791 1319 mm
806 1289 852 1319 sic
873 1288 991 1330 qfflicta
1005 1299 1110 1321 cernes
1130 1301 1180 1322 me
1199 1293 1262 1323 late
1267 1292 1382 1331 furere
1396 1297 1506 1325 contra
1516 1293 1673 1333 Argiuam

203 1328 303 1359 aciem
318 1329 351 1360 in
366 1334 491 1362 cruento
503 1339 609 1371 campo
622 1341 632 1362 .-
655 1331 711 1362 Ιιοι·
725 1331 803 1362 mihi
818 1331 901 1369 licet,
918 1342 973 1362 nec
989 1331 1102 1364 Parcoe
1112 1333 1288 1373 prohibent.
1333 1334 1391 1367 Sic
1403 1337 1534 1375 lomina,
1546 1337 1673 1378 impulit

204 1372 351 1403 ardentes
364 1382 457 1413 equos
478 1373 514 1404 in
535 1377 694 1415 patentem
708 1374 823 1405 u'e'rem.
862 1374 995 1405 Fulmen
1014 1377 1126 1406 summi
1140 1377 1233 1408 Jovis
1248 1387 1308 1409 nim
1323 1378 1391 1410 ruit
1410 1379 1545 1411 velocius
1559 1379 1594 1411 in
1606 1382 1671 1410 ter-

199 1423 282 1454 ram,
299 1414 327 1445 si
340 1417 462 1455 quami«)
473 1420 591 1455 gravat
602 1416 744 1448 nivosum
762 1417 899 1458 Othryn,
912 1421 943 1448 et
951 1417 1112 1457 frigidum
1125 1420 1273 1452 verticem
1287 1420 1557 1462 Sepcnntnionazi's
1571 1422 1672 1462 Osse,

202 1460 235 1487 et
256 1457 289 1488 in
312 1458 390 1490 nube
415 1469 540 1491 inanum
566 1459 725 1491 armavit.-
753 1460 838 1491 volat
854 1459 1006 1500 flammea
1030 1471 1134 1494 mussa
1155 1466 1282 1503 portans
1294 1464 1531 1504 crudeliajussn
1545 1464 1624 1506 Dei,
1639 1468 1672 1496 et

818 1555 1055 1569 oeeoooeN-e-eo

199 1619 350 1660 pei-nor!
365 1620 602 1652 Barth—310.
617 1623 679 1653 311
705 1621 819 1654 Etiam
834 1622 887 1655 liic
903 1623 1056 1655 ordinem
1072 1627 1259 1661 mutarunt,
1275 1625 1303 1656 si
1318 1624 1405 1657 fides
1421 1625 1551 1666 optimo
1566 1625 1667 1666 libro,

200 1663 236 1694 in
261 1673 328 1703 quo
343 1662 474 1695 diserte
497 1665 648 1704 legitur:
671 1674 704 1696 se
725 1675 764 1696 ne
786 1666 864 1697 mihi
886 1676 959 1697 cara
980 1677 1138 1708 supremos
1162 1668 1296 1709 Concipe
1310 1669 1400 1700 corde
1414 1667 1533 1700 metus!
1557 1668 1666 1700 Idem.

199 1708 308 1737 —313
331 1706 426 1738 Bella
441 1706 560 1738 dubunt
578 1711 690 1746 gentes
703 1707 841 1749 optimae
856 1709 991 1741 Bau-mii
1012 1710 1219 1742 membranae
1234 1721 1243 1748 ;
1267 1710 1436 1742 Beuabunt
1447 1714 1559 1750 gentes
1573 1716 1667 1743 uter·

201 1757 268 1788 que
284 1749 409 1781 Behot.
426 1750 510 1782 Put.
527 1754 564 1782 et
578 1751 776 1782 Bam—314
802 1751 880 1783 Tum
894 1762 943 1784 me
958 1762 1044 1783 nnus
1058 1752 1294 1786 Behot.—316
1316 1753 1389 1785 Hoc
1403 1753 1482 1785 mihi
1493 1754 1551 1793 jus
1565 1754 1666 1789 codd.

200 1790 376 1823 Bernartii
390 1796 426 1824 et
440 1793 582 1825 Venett.
594 1792 686 1834 quod
703 1793 862 1826 defendit
877 1795 934 1826 Fr.
951 1795 1091 1827 Modius
1107 1795 1219 1836 Epist.
1236 1799 1290 1827 52.
1315 1796 1387 1828 Hos
1405 1796 1544 1836 miliijus
1559 1795 1664 1829 Aldd.

197 1833 311 1874 enlin.
327 1834 462 1877 Gryph.
486 1841 523 1867 et
543 1836 649 1867 Basil.
665 1836 805 1875 necfaea
827 1838 1095 1878 vetent-optimae
1119 1838 1251 1870 Barthii
1268 1838 1488 1871 membranae.
1502 1838 1670 1878 aicjmu

196 1881 305 1918 aperto
321 1887 408 1910 unus
424 1878 660 1911 Eetion—319
683 1879 836 1920 Optimae
853 1880 988 1912 Barthii
1013 1880 1247 1913 membranae:
1269 1882 1409 1921 gelidum
1423 1883 1523 1923 capud
1538 1881 1663 1915 incidit.

856 1977 998 2010 No'rAE

237 2043 299 2073 311
324 2040 471 2083 Mutare]
502 2040 563 2072 Dii
591 2041 682 2073 enim
709 2051 775 2074 non
803 2048 899 2084 pote-

193 2095 273 2123 rant
301 2090 374 2122 fata
397 2094 544 2130 mutare,
569 2091 631 2123 sed
656 2095 789 2124 tantum
818 2091 900 2124 fatis

999 2045 1063 2074 320
1088 2044 1129 2075 Ιη
1143 2043 1238 2085 nube]
1262 2043 1353 2078 Quia
1371 2041 1498 2075 fulmen
1513 2043 1547 2076 in
1561 2043 1661 2076 nubi-

954 2094 1017 2126 bus
1054 2098 1267 2135 procreatur.
1311 2093 1514 2126 Lactantius
1550 2093 1664 2126 nubem

191 2151 323 2174 moram
345 2141 494 2183 aliquam
520 2140 656 2184 afferre,
679 2152 719 2175 ac
743 2143 898 2186 quaedam

192 2194 287 2226 circa
303 2202 345 2224 ea
359 2197 508 2224 mutare.

234 2247 299 2277 312
325 2244 431 2286 Tyriis
445 2243 502 2276 sub
515 2243 680 2284 moenibus]
713 2243 896 2276 Thebanis.

190 2294 327 2327 Bellum
351 2294 441 2325 enim
464 2294 661 2326 Thebanum
686 2299 818 2336 gestum
843 2299 897 2328 est

187 2346 223 2378 in
239 2355 373 2387 campo,
395 2345 474 2387 ‘qui
495 2347 670 2387 proximus
692 2347 770 2379 urbi
791 2347 895 2379 Dam-

187 2402 288 2430 natus
303 2397 404 2429 bellis
427 2402 537 2437 patet,
552 2402 786 2440 expectatque
802 2397 894 2430 furo-

187 2446 268 2480 res!
313 2446 441 2488 Amboe]
468 2445 605 2489 Argivae
622 2451 659 2479 et
674 2447 857 2481 Thebanae.

228 2501 294 2530 316
308 2497 445 2539 Aperto]
468 2498 609 2539 Supple,
625 2499 723 2531 coelo.

228 2551 293 2582 319
318 2547 462 2590 Othryn]
485 2539 618 2590 Othrys
637 2558 734 2581 mons
751 2549 895 2582 Thessa-

181 2599 238 2632 liae
269 2598 403 2631 nivibus
433 2602 562 2630 tectus.
618 2599 746 2631 Arctoa
787 2600 892 2641 Ossoe]

181 2649 270 2682 Ossa
283 2659 381 2682 mons
393 2649 589 2682 Thessaliae.
634 2649 776 2691 Arctoae]
799 2651 891 2684 Quia

181 2701 225 2733 ad
242 2699 372 2732 Arcton
389 2709 450 2731 seu
473 2700 767 2742 Septemtrionem
790 2710 888 2742 spec-

180 2756 245 2783 tat.
290 2750 433 2782 Fulmen
470 2755 586 2783 autem
617 2751 744 2793 saepius
773 2751 885 2785 editos

178 2805 313 2835 montes
328 2800 491 2843 percutit.

953 2145 1206 2186 interpretatur
1217 2144 1361 2184 fulmen,
1371 2148 1407 2176 et
1418 2143 1559 2176 adducit
1570 2145 1660 2176 hune

952 2196 1090 2238 Virgilii
1115 2205 1270 2228 versum:
1309 2200 1318 2213 ‘
1335 2195 1415 2236 Ipse
1446 2204 1547 2226 mann
1575 2204 1659 2236 qua·

953 2247 1041 2279 tiens
1057 2247 1212 2279 ostendit
1226 2246 1269 2278 ab
1285 2246 1415 2278 aethere
1430 2244 1577 2278 nubem.'
1603 2246 1660 2286 lg·

951 2307 1009 2328 nea
1023 2297 1133 2338 moles]
1157 2297 1312 2328 Fulmen.

993 2349 1055 2379 321
1080 2347 1175 2379 Soeva
1200 2347 1265 2378 Dei
1289 2346 1438 2379 mundata
1454 2347 1577 2385 serena,
1597 2357 1657 2379 σα,-

951 2399 1073 2440 lumqioe
1103 2396 1234 2428 trisulca
1267 2397 1410 2429 Ten-ilat
1436 2406 1525 2429 omne
1553 2397 1656 2439 coma]

949 2449 1091 2481 Fulmen
1107 2447 1235 2479 dicitur
1251 2447 1428 2479 trisulcum
1450 2451 1595 2488 propter
1609 2448 1656 2488 ig-

946 2507 1010 2530 nes
1026 2498 1128 2530 trium
1140 2497 1352 2538 superiorum
1368 2496 1518 2528 siderum
1532 2496 1575 2528 ad
1587 2500 1655 2528 ter·

950 2559 1022 2580 ram
1039 2548 1215 2585 deciduos,
1232 2557 1387 2589 quorum,
1402 2551 1442 2578 ut
1457 2547 1506 2579 ait
1526 2547 1652 2579 Furna-

948 2599 1025 2631 bius
1049 2599 1092 2631 ad
1109 2598 1298 2630 Herculem
1315 2597 1465 2630 OEtaeum
1482 2606 1531 2629 vs.
1556 2599 1652 2630 1993.

946 2660 1095 2683 summus
1112 2660 1155 2681 ex
1172 2649 1277 2681 nimio
1292 2647 1430 2680 Saturni
1446 2647 1584 2679 humore
1599 2648 1652 2680 in·

941 2700 1067 2741 fuscat,
1093 2698 1210 2741 &prr-653
1235 2699 1319 2731 imus
1346 2707 1390 2729 ex
1412 2697 1535 2729 ardore
1559 2698 1651 2730 Mar-

940 2751 985 2782 tis
1002 2754 1148 2791 cremat,
1168 2749 1395 2790 dhsipatque,
1410 2747 1556 2788 ψολόεις;
1579 2758 1650 2780 me·

939 2803 1013 2835 dius
1029 2813 1049 2835 e
1065 2803 1158 2835 clara
1168 2802 1267 2835 Jovis
1282 2800 1476 2834 subtilitate
1490 2805 1659 2843 penetrat>
