1820 3068
257 222 344 265 954
562 263 569 265 ,
761 235 801 264 P.
834 234 1026 265 PAPmu
1061 236 1243 267 sTATu-

260 328 432 370 Umbra
452 329 572 371 fretis
594 329 801 383 arvisque
821 329 996 373 volant:
1027 335 1155 374 sonat
1175 334 1302 374 avius
1322 333 1471 377 aether.

258 395 288 438 J
292 409 362 437 am
385 398 563 438 Borean
584 397 834 451 imbresque
854 399 964 452 pati,
979 398 1074 453 jam
1096 412 1202 441 nare
1224 400 1384 442 solutis
1672 404 1728 446 15

259 462 498 515 Amnibus,
519 468 562 506 et
583 465 701 506 nudo
715 465 847 519 juvat
869 466 1078 508 aestivare
1098 469 1179 509 sub
1201 467 1382 511 Haemo.
1451 466 1459 473 “

261 531 355 573 Hic
378 545 529 574 rursus
550 532 684 574 simili
705 543 942 587 procerum
964 534 1154 576 vallante
1175 548 1341 578 corona

262 599 374 641 Dux
394 599 699 651 Talaionides,
717 601 898 655 antiqua
919 605 969 642 ut
989 601 1106 643 forte
1125 603 1210 644 sub
1229 615 1337 645 orno

257 666 432 719 Stabat,
454 673 500 710 et
520 668 691 710 admoti
711 669 845 710 nixus
867 668 1097 724 Polynicis
1117 670 1162 712 in
1181 670 1380 714 hastam:

258 735 322 778 At
342 740 505 788 tamen,
527 750 555 778 o
577 749 872 792 quaecumque
890 750 957 787 eS,
978 738 1059 788 ait,
1080 738 1153 780 cui
1173 738 1317 792 gloria
1334 743 1458 782 tanta
1668 742 1726 783 20

260 803 478 846 Venimus
500 806 735 847 innumerae
757 804 900 845 fatum
918 804 1077 846 debere
1094 804 1315 856 cohortes,

259 869 408 921 Quem
428 884 513 912 non
534 872 633 926 ipse
656 872 799 914 Deum
821 874 944 914 sator
965 876 1223 926 aspernetur
1242 873 1466 925 honorem,

258 938 347 980 Dic
371 953 451 992 age
470 938 674 995 (quando
697 940 784 981 tuis
806 940 978 982 alacres
997 941 1251 983 assistimus
1271 940 1427 996 undis)

258 1005 376 1058 Quae
394 1007 572 1058 domus,
591 1011 669 1049 aut
690 1007 836 1058 tellus,
857 1008 1051 1050 animam
1072 1010 1238 1064 quibus
1259 1009 1459 1052 hauseris
1480 1011 1646 1052 astris?

258 1075 348 1116 Dic
369 1075 470 1130 quis
484 1079 530 1117 et
548 1075 622 1117 ille
643 1076 805 1129 pater?
835 1088 978 1131 neque
998 1077 1117 1119 enim
1135 1077 1216 1119 tibi
1236 1078 1413 1120 numina
1432 1077 1581 1133 longe,
1609 1076 1611 1078 ’
1665 1079 1724 1122 25

257 1142 503 1185 Transierit
521 1144 694 1186 fortuna
714 1144 845 1186 licet:
874 1143 1106 1199 majorque
1126 1157 1207 1199 per
1226 1158 1305 1188 ora

258 1209 465 1264 SanguiS,
486 1214 530 1252 et
551 1210 716 1252 afflicto
738 1210 882 1264 spirat
899 1212 1147 1254 reverentia
1167 1213 1308 1254 vultu.

253 1327 344 1358 gare,
368 1319 582 1351 inumbrantes
594 1329 715 1360 campos
730 1323 762 1351 et
772 1319 876 1351 maria
888 1331 900 1357 ,·
928 1319 1039 1362 strepit
1062 1320 1238 1353 inaccessus
1261 1321 1317 1352 α’ἑν
1327 1332 1338 1353 .·
1351 1321 1422 1360 jam
1444 1321 1510 1354 iuis
1523 1324 1653 1362 gratum
1676 1326 1724 1354 est

248 1359 341 1398 ferre
355 1362 543 1403 Aquilonem
558 1366 589 1394 et
602 1363 738 1404 plut-ias,
751 1362 824 1401 jam
837 1366 948 1395 nutare
973 1363 1008 1394 in
1018 1363 1132 1404 fluviis
1153 1363 1345 1404 liquefactis,
1359 1368 1390 1396 et
1403 1373 1498 1404 agere
1512 1369 1654 1397 aestatem
1667 1365 1724 1398 sub

257 1403 372 1436 Haemo
384 1405 509 1436 nivibus
523 1410 629 1437 exuto.
676 1405 744 1436 Hic
760 1406 874 1436 iterum
887 1415 959 1444 rex,
974 1406 1070 1437 Talao
1082 1406 1223 1447 genitus,
1243 1408 1349 1438 eodem
1363 1407 1453 1438 choro
1467 1407 1653 1449 optimatum
1666 1409 1726 1439 ati-

251 1451 361 1486 pmzte,
378 1451 414 1480 ut
421 1448 510 1487 sorte
523 1449 626 1480 stabat
642 1449 698 1480 suh
711 1448 809 1479 ceteri
823 1459 911 1488 orno,
918 1448 1025 1487 fultus
1041 1449 1073 1480 in
1096 1449 1218 1480 hastam
1229 1450 1369 1490 proximi
1385 1450 1565 1492 Polynicis:
1598 1451 1723 1491 Verum,

255 1489 372 1530 inquit,
387 1501 404 1522 o
419 1501 616 1532 quoecumque
631 1501 674 1528 es,
690 1492 739 1522 cui
754 1494 863 1523 tantus
876 1493 971 1523 honos
983 1492 1130 1531 contigit,
1152 1496 1187 1524 ut
1208 1493 1380 1524 innumerae
1399 1492 1508 1533 copiae,
1519 1501 1587 1534 quoe
1601 1493 1659 1525 huc
1673 1503 1724 1525 ac-

255 1534 415 1573 cessimus,
429 1534 488 1565 tibi
502 1535 633 1566 salutem
647 1536 837 1574 deberemus,
860 1545 952 1575 quam
972 1534 1110 1574 glor-iam
1125 1544 1186 1566 non
1200 1537 1268 1575 ipse
1282 1536 1424 1567 Deorum
1437 1539 1530 1580 pater
1538 1535 1724 1576 dedignare-

256 1579 321 1614 tur,
333 1578 472 1618 eloquere
484 1587 543 1616 age
554 1577 714 1619 (quonium
725 1579 871 1609 adsumus
889 1578 1025 1609 recreati
1041 1577 1104 1608 tuis
1117 1578 1225 1618 aquis)
1236 1579 1317 1619 quod
1328 1587 1428 1616 genus
1441 1578 1501 1610 tibi
1513 1578 1571 1618 sit,
1585 1588 1654 1619 qua·
1668 1589 1724 1620 pa-

256 1619 331 1656 tria,
347 1623 378 1651 et
394 1631 413 1651 a
427 1621 536 1661 quibus
549 1620 707 1652 sideribus
721 1621 870 1661 spiritum
884 1620 1036 1652 duxeris?
1063 1624 1094 1652 et
1107 1621 1158 1652 dic
1173 1621 1243 1661 quis
1257 1621 1300 1652 sit
1314 1621 1367 1653 ille
1379 1624 1482 1662 pate-r,
1495 1621 1534 1653 de
1545 1631 1603 1662 quo
1619 1623 1722 1654 locuta

256 1660 313 1693 es?
348 1664 419 1694 Non
436 1664 520 1695 enim
529 1664 591 1695 Dii
605 1665 694 1703 longe
709 1674 729 1694 a
745 1666 775 1694 te
790 1663 916 1702 absunt,
930 1663 1070 1704 quamvis
1078 1662 1212 1702 fortuna
1227 1664 1416 1703 discesserit,
1427 1664 1608 1704 generosior
1621 1667 1725 1695 tamen

255 1706 387 1745 sanguis
410 1710 500 1747 paret
515 1717 611 1747 supra
626 1702 747 1738 c'ultum
762 1709 860 1746 tuum,
882 1709 912 1738 et
929 1705 1073 1746 dignitas
1087 1706 1185 1738 elucet
1198 1706 1232 1737 in
1246 1710 1353 1738 moesto
1367 1715 1431 1738 ore.
1475 1706 1608 1739 Lemnia
1621 1707 1722 1748 suspi-

872 1801 930 1813 ‘ee
935 1801 990 1813 ‘O‘
995 1799 1114 1813 “u'‘

253 1856 361 1895 sagaci
372 1868 382 1887 :
405 1855 453 1887 ita
470 1865 607 1898 quoque
626 1857 716 1889 Dan.
732 1855 900 1888 Heinsius
918 1856 960 1888 ad
977 1856 1156 1888 Claudian.
1171 1856 1260 1888 Bell.
1277 1855 1370 1888 Gild.
1383 1858 1548 1888 475.-14
1574 1855 1722 1889 Umbram

247 1899 349 1938 fretis
361 1899 505 1940 arvisque
521 1901 627 1931 rolant
643 1899 807 1931 Heinsius
832 1899 958 1931 ibidem
973 1910 981 1931 :
1004 1900 1149 1940 arvisque
1163 1900 1270 1931 volam
1285 1898 1388 1931 Aidd.
1402 1899 1514 1931 Colin.
1532 1899 1669 1941 Gryph.
1684 1905 1722 1932 et

256 1943 450 1974 Basil.—-18
475 1942 659 1974 Talaom'des
675 1943 814 1974 Beliott.
831 1945 862 1975 1.
877 1946 909 1974 2.
940 1943 1046 1983 Lang.
1064 1944 1166 1975 Laur.
1179 1941 1310 1974 Buslid.
1326 1942 1477 1984 Dipsion.
1494 1942 1597 1975 Aldu.
1610 1943 1722 1975 Colin-

256 1985 389 2026 Grypb.
402 1985 506 2017 Basil.
523 1990 558 2017 et
576 1986 690 2017 Piaut.
725 1986 814 2017 Vide
829 1985 980 2017 Gronov.
997 1985 1040 2017 ad
1056 1985 1164 2017 Theb.
1181 1995 1222 2017 n.
1239 1987 1401 2017 141.-—2o
1418 1985 1572 2025 Optimae
1586 1986 1721 2017 Bai-mii

255 2028 476 2069 membranae,
493 2028 767 2070 quicumque.—2l
793 2028 833 2060 In
855 2029 976 2060 iisdem
992 2027 1199 2060 membranis
1215 2029 1313 2060 vitam
1330 2037 1393 2070 pro
1410 2027 1532 2069 fatum,
1554 2029 1722 2071 probante

915 2113 949 2148 N
954 2113 1060 2146 OTAE

298 2181 340 2210 14
382 2179 502 2211 Umbra
530 2179 632 2218 fretis
667 2179 811 2220 arcisque
838 2177 960 2219 volant]
1014 2187 1127 2210 remus
1141 2177 1259 2211 vitam.

253 2229 478 2271 Hyper-holm
496 2235 534 2262 ut
549 2231 692 2262 denotet
708 2230 960 2262 multitudinem
1056 2232 1098 2260 23
1124 2229 1272 2270 Quando]
1293 2229 1376 2265 Pro,
1401 2228 1609 2270 ‘quonium’
1642 2229 1721 2262 Vir-

253 2290 386 2320 gruum,
418 2281 506 2313 dicit
533 2281 608 2312 illas
638 2280 850 2312 inumbrasse
879 2289 962 2311 arva
1015 2278 1075 2321 gil.
1099 2278 1268 2312 ‘Quando
1285 2278 1360 2311 haec
1376 2283 1506 2311 tecum
1522 2279 1721 2312 remordet!

254 2331 424 2374 fretaque.
482 2331 599 2373 Anius]
637 2331 776 2363 Homini
814 2329 961 2370 scilicet,
1056 2331 1099 2361 21
1135 2328 1283 2360 Animam
1311 2329 1420 2370 quibus
1443 2330 1586 2362 hauseris
1608 2330 1720 2372 astris]

254 2383 525 2425 animalibusque
552 2381 864 2424 ceteris,exceptis
891 2381 959 2413 avi·
1016 2379 1173 2421 Respicit
1210 2380 1254 2412 ad
1282 2380 1476 2413 Stoicorum
1514 2381 1722 2423 opinionem,

257 2433 332 2466 bus.
1015 2430 1072 2471 qni
1088 2431 1234 2462 animam
1250 2439 1292 2461 ex
1306 2429 1406 2462 astris
1422 2429 1611 2463 deducunt.
1621 2430 1718 2464 ‘vide

298 2488 341 2518 16
365 2485 475 2526 Nudo]
501 2482 579 2518 Noh
594 2484 648 2516 hic
665 2484 738 2515 sine
748 2484 877 2515 honore
892 2483 961 2524 syl-
1014 2480 1127 2513 Theb.
1157 2490 1199 2512 ir.
1226 2482 1281 2512 62.
1310 2480 1580 2523 ‘Praereptaque
1608 2481 1719 2515 noscit

254 2545 385 2576 varum,
410 2541 448 2568 ut
473 2536 725 2576 interpretami-
746 2534 959 2570 Lactantius,
1014 2531 1150 2571 Sidera,
1165 2531 1439 2573 principiumque
1451 2530 1525 2563 sui?

254 2586 314 2618 sed
331 2585 473 2618 detecto
488 2584 634 2616 nivibus.
672 2583 804 2624 Haemo]
819 2583 960 2616 Haemus
1056 2586 1097 2615 25
1122 2582 1188 2614 Dic
1196 2582 1268 2623 quis
1278 2585 1309 2614 et
1323 2581 1375 2613 ille
1385 2583 1492 2623 pater]
1508 2580 1718 2614 Praeceden-

255 2646 350 2668 mons
365 2635 522 2668 Thraciae
537 2635 736 2667 altissimus.
1015 2639 1050 2666 te
1066 2634 1156 2666 enim
1171 2634 1258 2667 libro
1269 2633 1405 2665 dixerat
1416 2633 1632 2675 Hypsipyle:
1651 2639 1659 2652 ‘
1670 2635 1718 2666 Et

300 2690 340 2718 18
365 2685 578 2728 Talaionides]
608 2685 779 2718 Adrastus
805 2684 905 2718 Talai
923 2684 958 2717 fi·
1014 2685 1110 2718 nobis
1127 2682 1719 2726 regumn-tamemetpateringens!

251 2737 330 2769 lius.
1056 2740 1100 2769 26
1123 2734 1280 2776 Fortuna]
1301 2733 1476 2768 Felicitas.

295 2790 335 2819 21
368 2787 527 2828 Venimus]
548 2787 692 2828 Supple,
709 2785 786 2827 huc,
804 2790 841 2819 ut
857 2785 959 2819 debe-
