1820 3068
210 238 297 280 710
710 250 750 279 r.
786 248 976 280 PAP1N11
1013 249 1178 280 s'rnrn

212 344 386 386 Ionium
407 344 529 398 nigra
542 343 694 398 jaceat
711 346 795 386 sub
811 346 928 388 nube
952 341 1174 400 magister,

212 412 451 454 Immemor
472 424 710 463 armorum,
730 414 1040 469 versantisque
1061 426 1246 468 aequora
1266 414 1400 464 clavi,

214 479 471 522 Cunctaris:
495 480 680 534 jamque
700 480 776 522 ille
797 483 928 524 novis
947 481 1059 538 (scit
1078 479 1223 536 fama)
1243 482 1461 536 superbus

215 547 477 597 Connubiis,
499 547 701 602 viresque
722 553 865 603 parat,
886 549 987 604 quis
1007 561 1143 602 regna
1164 554 1392 604 capessat,

216 614 330 665 Quis
353 619 506 669 neget:
541 616 672 670 inque
690 629 777 658 sua
797 618 969 659 senium
990 616 1078 659 sibi
1098 616 1290 660 destinat
1311 617 1430 660 aula.

216 682 338 724 Dant
359 683 532 724 animos
555 696 683 725 socer
705 685 891 738 augurio
910 685 1061 727 fatalis
1082 684 1324 736 Adrastus,

216 750 496 805 Dotalesque
518 749 624 804 Argi
642 765 652 793 ε
683 764 763 793 nec
782 765 869 794 non
888 754 933 794 in
952 753 1124 796 foedera
1146 752 1251 795 vitae

215 817 421 860 Pollutus
442 818 611 872 placuit
631 818 823 862 fraterno
847 821 1062 875 sanguine
1081 819 1280 875 Tydeus,

1602 615 1688 682 110

215 927 352 968 quiescat
367 928 423 959 sub
438 931 508 960 atro
523 929 637 969 nimbo,
660 933 692 961 et
714 930 844 962 Austris
859 930 931 969 ,iam
945 928 1139 971 rapientibus
1152 937 1301 968 magnum
1316 936 1402 959 mure
1420 926 1553 967 lonium,
1574 926 1689 959 oblitus

215 974 491 1009 armamentorum,
513 982 550 1003 ac
562 971 766 1012 gubernaculi
770 972 934 1014 flectentis
947 982 1057 1004 navem
1070 981 1126 1013 per
1140 981 1235 1003 mare.
1279 971 1326 1002 Et
1337 970 1410 1010 jam
1421 970 1475 1002 ille
1486 969 1610 1009 frater,
1631 969 1685 1011 (ut

209 1012 303 1051 fama
318 1013 384 1055 est)
403 1015 563 1054 gloriatur
578 1015 696 1047 recenti
710 1017 919 1056 matrimonio,
942 1019 972 1047 et
997 1015 1100 1057 copias
1122 1013 1254 1054 colligit,
1276 1013 1388 1054 quibus
1403 1022 1534 1052 regnum
1543 1013 1685 1048 invadat,

217 1059 248 1086 et
275 1056 386 1096 quibus
410 1060 517 1098 postea
540 1059 670 1090 reddere
694 1063 826 1096 recuset,
849 1062 879 1090 et
903 1058 967 1090 sibi
990 1058 1136 1100 proponit
1156 1065 1253 1096 agere
1267 1059 1456 1088 senectutem
1469 1056 1504 1087 in
1518 1065 1575 1087 suo
1589 1055 1689 1095 regia.

217 1098 376 1134 Adrastus
390 1109 476 1131 socer
481 1101 568 1139 settis
582 1101 770 1140 destinatus,
786 1106 816 1133 et
827 1102 947 1134 dotales
959 1100 1044 1140 Arga·
1059 1100 1197 1142 afferunt
1213 1099 1242 1131 ei
1256 1098 1399 1141 spiritus,
1419 1108 1474 1130 nec
1489 1108 1549 1130 non
1566 1097 1690 1140 Tydeus

211 1140 352 1179 foedatus
376 1152 485 1174 cruore
502 1143 648 1181 fraterno
663 1149 819 1176 assumtus
833 1145 930 1177 estin
945 1144 1123 1176 societatem
1146 1141 1233 1174 vitae'.
1277 1141 1366 1174 Hinc
1389 1141 1547 1183 superbia,
1568 1144 1598 1174 et
1621 1149 1690 1182 opes

837 1239 1074 1253 aeuaeaeaee⁴OIe

218 1311 398 1344 perperam
417 1305 514 1336 alteri
529 1315 646 1337 versus
656 1306 733 1339 voci
749 1307 962 1349 subjungunt
979 1305 1229 1347 Lugdunenses
1244 1304 1409 1347 antiqua»,
1426 1302 1530 1335 Aldd.
1546 1302 1689 1335 Gevart.

220 1346 327 1377 Bern.
351 1352 387 1378 et
403 1347 626 1381 Genevenses
651 1350 685 1380 in
712 1351 850 1391 egregio
876 1351 934 1382 ino
963 1349 1150 1381 Poetarum
1179 1349 1379 1380 Latinorum
1396 1344 1689 1394 Corpore3-quod

219 1389 275 1429 qui
300 1389 527 1422 instituerunt
555 1402 653 1432 aeque
677 1393 805 1424 oculati
827 1392 978 1432 fuerunt,
1007 1396 1110 1433 atque
1135 1391 1200 1423 iste
1221 1392 1433 1423 Somnurnus
1456 1388 1608 1420 Eteoclis
1628 1397 1689 1418 ex-

220 1432 371 1464 citatur!
395 1433 604 1466 Idem-1⁰8
628 1435 716 1466 Edd.
735 1441 820 1467 vett.
846 1435 951 1468 Aldd.
969 1435 1083 1467 Colin.
1108 1434 1244 1475 Grypb.
1266 1433 1374 1465 Basil.
1398 1432 1515 1464 Plant.
1539 1429 1690 1463 Linden-

218 1474 312 1515 brog.
331 1475 432 1507 Cruc.
446 1476 588 1509 Gevart.
603 1482 640 1509 et
655 1478 813 1510 Grasser.
829 1488 907 1510 cum
922 1478 1093 1509 nonnullis
1109 1478 1210 1509 codd.
1234 1474 1478 1516 manuscriptis
1495 1484 1504 1514 ;
1525 1473 1614 1506 novis
1628 1473 1691 1516 <oie

216 1516 323 1559 fama)
336 1518 476 1560 superbit
488 1531 500 1556 ;
524 1520 717 1553 Gronovius
735 1531 777 1552 ex
793 1522 862 1553 suis
885 1521 987 1554 codd.
1003 1520 1133 1552 edidit:
1156 1521 1216 1551 scit
1225 1519 1330 1559 samo,
1344 1524 1381 1550 et
1395 1527 1440 1549 ex
1458 1526 1574 1549 errore
1589 1521 1689 1558 typo-

219 1561 325 1592 thetae
341 1562 504 1602 superbam,
520 1563 609 1604 quod
628 1574 705 1596 cum
729 1565 851 1596 Dauni.
875 1563 994 1596 Barth.
1012 1568 1049 1595 et
1064 1563 1171 1594 Veen.
1199 1563 1354 1594 retinent
1369 1560 1530 1593 Editores
1558 1559 1690 1599 Bipon-

219 1603 306 1643 tini3
331 1605 474 1645 corrigit
491 1615 572 1637 vero
597 1605 794 1639 Gronovius
811 1609 846 1639 in
870 1607 972 1638 Obss.
996 1606 1058 1638 lib.
1083 1608 1194 1638 mla.
1217 1604 1305 1636 novis
1319 1604 1398 1645 (scit
1416 1601 1522 1644 fama)
1536 1601 1689 1642 superbit.

221 1646 301 1678 Non
328 1647 433 1678 ausim
461 1655 574 1680 tamen
590 1654 731 1682 mutare.
778 1650 888 1682 Codd.
905 1650 988 1681 Put.
1009 1650 1131 1681 Petav.
1158 1649 1247 1679 Dan.
1263 1648 1389 1679 Behot.
1413 1647 1575 1678 Petrens.
1599 1645 1687 1676 Exc.

222 1689 369 1721 Cantab.
390 1691 491 1721 Lanr.
519 1692 668 1733 Lipsian.
695 1693 829 1724 Buslid.
853 1692 990 1724 Taurin.
1017 1692 1138 1723 Barth.
1162 1691 1279 1723 Burm.
1304 1690 1383 1722 alii:
1404 1688 1554 1729 superbie.
1596 1686 1690 1736 Vide

221 1733 301 1764 Nic.
327 1733 508 1765 Heinsium
540 1735 574 1765 in
606 1735 751 1768 Advers.
778 1736 837 1767 lib.
862 1745 903 1768 n.
931 1745 1009 1776 cap.
1037 1737 1068 1767 7.
1094 1744 1128 1775 p.
1155 1735 1340 1765 259.-}1o
1362 1732 1523 1764 Petrens.
1548 1729 1692 1762 Tauno.

221 1775 341 1806 Burni.
366 1777 505 1816 optimae
530 1777 649 1809 Barth.
672 1779 893 1819 membranae,
912 1778 998 1810 Exc.
1020 1776 1169 1809 Cantab.
1196 1776 1320 1807 Behot.
1347 1775 1438 1807 Dan.
1466 1773 1691 1822 Pub-Perua

220 1817 326 1849 Aldd.
343 1819 454 1850 Colin.
471 1820 605 1861 Gryph.
633 1821 865 1863 Lindenbrog.
888 1825 923 1852 et
951 1821 1052 1852 Cruc.
1072 1821 1166 1860 inque
1193 1822 1273 1857 tua;
1295 1823 1332 1849 et
1359 1818 1408 1849 sic
1436 1820 1588 1849 correxut
1609 1815 1688 1847 Nic.

222 1859 386 1893 Heinsius
414 1862 448 1893 in
479 1863 627 1895 Advers.
659 1865 680 1895 l.
705 1865 727 1896 1,
750 1865 840 1905 inque
864 1874 924 1896 sua
954 1868 1068 1895 tamen
1097 1861 1263 1894 exhibent
1289 1861 1431 1893 Venett.
1462 1860 1559 1892 Rom.
1587 1858 1691 1890 Bern.

889 1950 1031 1982 NOTAE

221 2011 372 2054 quietem
387 2022 506 2055 egem,
522 2018 560 2046 ut
576 2014 787 2056 gubernator
802 2015 927 2047 dormi-

222 2072 283 2093 ens
300 2064 412 2095 ventis
428 2073 519 2096 mare
531 2066 758 2099 versantibus.
780 2065 926 2108 Austris]

223 2113 354 2144 Auster
367 2119 487 2146 ventus
500 2115 740 2149 meridionalis.
757 2117 826 2149 Hic
839 2117 928 2149 Aus-

224 2163 268 2195 tri
286 2169 466 2196 sumuntur
481 2175 544 2206 pro
560 2165 771 2208 quibuslibet
785 2167 908 2199 ventis.

268 2217 331 2246 106
354 2215 495 2257 Ionium]
533 2217 664 2260 Supple
686 2228 791 2251 mare.
837 2219 928 2251 Vide

223 2265 393 2306 superiori
409 2266 469 2298 lib.
485 2277 533 2299 vs.
554 2270 605 2300 14.

268 2319 330 2347 107
355 2318 682 2361 Armorum]Supp1e
700 2321 930 2353 nauticorum.

229 2369 453 2410 versantisque
467 2379 592 2411 aequora
606 2370 703 2412 clavi]
732 2371 773 2403 Id
790 2377 855 2413 est,
870 2382 931 2413 gu-

224 2420 414 2452 bernaculi.

267 2474 331 2503 108
355 2470 430 2512 Ille]
451 2471 587 2503 Frater.
643 2471 711 2504 Scit
725 2472 833 2514 sama]
858 2472 931 2504 Ha·

221 2521 305 2553 bent
321 2521 480 2562 impressi
488 2522 643 2564 sicsama,
658 2523 717 2555 sed
731 2523 854 2564 scripti
870 2523 931 2555 scit

226 2572 321 2612 Vama,
336 2577 374 2604 ut
389 2572 549 2604 observat
565 2573 772 2605 Gronovius.
805 2573 930 2615 Neque

223 2623 324 2654 aliter
337 2623 423 2663 legit
443 2622 658 2663 Lactantius,
679 2624 738 2665 qui
755 2623 928 2665 explicat:

225 2675 234 2691 ‘
250 2674 357 2704 Fama
386 2673 430 2705 de
459 2683 500 2705 eo
532 2674 708 2715 loquitur:
737 2675 790 2706 vel
813 2679 931 2706 notum

224 2729 289 2764 est,
302 2724 393 2765 quod
407 2724 498 2762 dico,
511 2724 689 2757 omnibus?
714 2724 847 2756 Eodem
859 2734 931 2756 rno-

224 2774 282 2811 do,
305 2780 445 2805 auctore
469 2774 590 2806 eodem
615 2775 803 2816 Gronovio,
830 2785 930 2816 repo-

226 2824 374 2857 nendum
398 2829 453 2857 est
478 2834 497 2856 e
519 2824 655 2866 scriptis
677 2825 785 2858 Theb.
804 2834 838 2858 v.
853 2828 929 2857 466.

983 2016 992 2034 ‘
1007 2013 1082 2046 Scit
1098 2022 1177 2044 cura
1190 2011 1326 2045 Deum!

1026 2067 1089 2096 110
1115 2063 1196 2100 Quis
1207 2062 1317 2103 neget]
1332 2062 1474 2102 Postea,
1491 2069 1566 2093 cum
1583 2059 1690 2091 semel

983 2114 1066 2148 illud
1080 2113 1227 2155 ceperit.
1273 2111 1354 2154 Sua]
1377 2111 1419 2143 Id
1438 2115 1505 2152 est,
1517 2110 1561 2142 ad
1579 2119 1617 2142 se
1634 2119 1687 2141 so-

984 2167 1052 2198 ium
1078 2165 1301 2207 pertinente:
1325 2171 1469 2203 regnum
1489 2162 1579 2193 enim
1604 2169 1691 2192 nun·

984 2227 1087 2259 quam
1113 2215 1311 2248 redditurus
1342 2217 1407 2245 est.
1453 2213 1591 2244 Ceterae
1618 2210 1691 2249 edi-

983 2269 1096 2300 tiones
1108 2266 1247 2304 habent,
1263 2268 1329 2297 tua.
1699 2266 1702 2267 ’

1029 2319 1089 2350 111
1112 2313 1395 2356 Auguriofatalis]
1419 2311 1476 2345 Ob
1489 2321 1692 2354 responsum

985 2368 1126 2408 oracuii,
1164 2365 1255 2409 q'uod
1293 2369 1480 2407 acceperat
1506 2363 1690 2396 Adrastus.

985 2419 1075 2452 Vide
1105 2416 1273 2460 superiori
1300 2416 1360 2448 lib.
1416 2413 1591 2456 Adrastus]
1613 2413 1689 2446 Rex

986 2471 1171 2513 Argomm,
1185 2473 1224 2501 ut
1234 2468 1309 2513 jum
1325 2467 1483 2499 diximus.
1615 2503 1617 2506 Α

1029 2523 1091 2553 112
1129 2520 1316 2560 Dotalesque
1342 2516 1444 2557 Argi]
1482 2513 1572 2548 Quia
1601 2513 1690 2556 Argi

985 2572 1150 2606 obvenire
1163 2570 1341 2603 debebant
1350 2565 1520 2609 Polynici,
1531 2576 1575 2598 ex
1591 2569 1689 2608 parte

987 2623 1101 2664 Argiae
1120 2621 1247 2654 uxoris.

1030 2677 1092 2707 113
1131 2673 1284 2705 Fraterno
1312 2668 1482 2710 sanguine]
1513 2667 1691 2710 Superiori

985 2724 1073 2756 libro
1096 2722 1241 2754 vidimus
1255 2718 1410 2763 Tydeum
1427 2717 1570 2751 fratrem
1592 2726 1690 2751 suum

985 2772 1210 2816 interfecisse.
