1820 3068
367 581 469 656 P.
553 581 1067 659 PAPINII
1147 584 1550 664 STATII

610 742 1306 834 THEBArDOS

782 954 1005 1005 LIBER
1039 955 1142 1005 ΙΙΙ.

773 1283 950 1316 ARGUM
960 1285 1090 1317 ENTU
1099 1286 1149 1315 M.

228 1368 504 1413 ETEocLEs,non
527 1371 753 1405 redeuntibus
780 1371 834 1413 iis,
858 1372 982 1415 quibus
1009 1373 1164 1414 Tydeum
1190 1371 1387 1407 interficere
1403 1373 1565 1417 jusserat,
1587 1373 1690 1406 variis

270 1426 540 1466 cogitationibus
554 1431 631 1459 tota
645 1431 749 1458 nocte
764 1426 971 1469 exagitatur.
1003 1427 1252 1460 Illuscescente
1265 1426 1321 1459 die
1335 1427 1454 1469 ingens
1466 1431 1569 1460 terrae
1580 1432 1691 1461 motus

270 1477 383 1511 factus
399 1484 463 1512 est.
508 1481 680 1513 Matronae
696 1480 869 1512 Thebanae
895 1481 1043 1512 reditum
1069 1491 1208 1512 suorum
1236 1480 1281 1513 ad
1305 1481 1399 1513 urbis
1421 1485 1540 1522 portas
1567 1490 1693 1522 expec-

270 1535 398 1574 tantes,
421 1538 460 1565 ut
474 1534 648 1566 Maeonem
671 1534 779 1566 solum
803 1537 840 1566 et
866 1533 1102 1566 incomitatum
1132 1534 1264 1574 vident,
1286 1534 1322 1565 iu
1337 1534 1568 1575 suspicionem
1584 1533 1691 1565 cladis

271 1590 427 1628 acceptae
453 1588 609 1626 veniunt,
630 1595 840 1629 magnosque
858 1586 1008 1627 ejulatus
1023 1586 1146 1618 edunt.
1189 1587 1310 1619 Maeon
1326 1595 1444 1628 regem
1460 1586 1634 1626 convenit,
1655 1590 1692 1616 et

271 1638 317 1676 ei,
339 1649 416 1681 quae
439 1641 639 1673 acciderant
659 1640 818 1681 narratis,
842 1641 953 1672 scelus
979 1640 1180 1682 exprobrat.
1225 1639 1372 1672 Duobus
1397 1639 1559 1672 ministris
1586 1641 1692 1683 regiis

270 1692 316 1724 ad
344 1692 504 1735 injuriam
524 1694 592 1735 ipsi
614 1693 807 1726 faciendam
825 1703 861 1725 se
884 1694 1097 1735 parantibus,
1113 1693 1170 1726 ille
1185 1694 1306 1725 stricto
1320 1702 1403 1725 ense
1418 1693 1484 1725 sibi
1498 1698 1620 1735 pectus
1636 1704 1693 1726 eo-

269 1754 341 1778 ram
358 1756 439 1788 rege
456 1746 625 1780 confodit.
670 1747 831 1780 Eteocles
846 1747 971 1779 ardens
987 1748 1039 1779 ira
1055 1757 1180 1788 corpus
1195 1746 1316 1789 projici
1325 1745 1442 1788 jubet,
1458 1751 1496 1779 et
1511 1751 1607 1780 vetat
1621 1757 1695 1780 cre-

269 1800 368 1833 mari.
404 1801 575 1833 Parentes
590 1806 627 1833 et
641 1800 824 1843 propinqui
843 1810 975 1841 eorum,
991 1810 1075 1842 quos
1089 1800 1227 1842 Tydeus
1243 1799 1432 1840 occiderat,
1443 1799 1570 1832 Thebis
1585 1799 1694 1833 effun-

270 1852 414 1893 duntur,
436 1858 475 1886 ut
490 1854 586 1896 justa
611 1854 851 1886 defunctorum
878 1854 1080 1896 corporibus
1108 1855 1253 1886 solvant.
1298 1853 1390 1885 Huic
1417 1853 1558 1895 pietatis
1582 1852 1692 1886 officio

270 1913 458 1949 occupatos
475 1907 622 1940 Alethes
646 1909 777 1940 solatur
799 1909 967 1950 exemplis
994 1907 1226 1940 calamitatum
1247 1907 1284 1938 in
1307 1916 1390 1949 quas
1411 1906 1564 1938 Thebani
1589 1917 1610 1939 a
1626 1908 1694 1948 pri-

269 1960 411 1993 mordiis
426 1961 520 1993 urbis
537 1961 686 1993 conditae
704 1961 904 2002 inciderant,
927 1970 1010 2003 quas
1037 1961 1096 1993 irae
1123 1960 1299 1992 numinum
1325 1959 1486 2000 ascribit;
1509 1960 1693 2001 praesentis

269 2023 352 2047 vero
369 2014 477 2046 cladis
492 2014 657 2046 invidiam
674 2015 707 2046 in
723 2016 830 2047 solum
847 2025 967 2055 regem
991 2014 1141 2056 confert,
1163 2005 1308 2056 eumque
1334 2023 1452 2056 poenas
1468 2013 1626 2046 daturum
1642 2013 1694 2045 di-

269 2067 329 2100 cit.
373 2068 520 2100 Interim
543 2068 655 2107 Mars,
683 2069 807 2101 aJove
832 2069 975 2106 accitus,
992 2069 1139 2110 jubetur
1162 2067 1311 2110 Argivos
1336 2067 1490 2100 excitare
1505 2068 1546 2099 ad
1561 2067 1692 2100 bellum

268 2121 440 2153 Thebanis
456 2121 682 2154 inferendum.
728 2122 935 2154 Proceribus
952 2131 1035 2154 vero
1058 2121 1197 2164 Argivis
1223 2121 1257 2152 in
1285 2120 1467 2154 concilium
1483 2120 1525 2152 ab
1541 2119 1694 2152 Adrasto

271 2176 483 2216 convocatis,
505 2175 646 2217 Tydeus
670 2175 913 2218 inexpectatus
936 2176 1099 2216 advenit3
1121 2180 1157 2208 et
1170 2177 1243 2218 jam
1260 2174 1340 2207 iude
1357 2184 1376 2206 a
1391 2173 1520 2206 foribus
1535 2175 1634 2214 aulae‚
1657 2174 1693 2206 in

270 2239 339 2271 qna
354 2230 558 2271 congregati
573 2234 686 2267 erant,
709 2231 891 2272 exclamat,
914 2230 1032 2268 Arma,
1048 2230 1166 2270 Arma,
1190 2229 1320 2261 factam
1343 2227 1410 2259 sibi
1426 2228 1506 2269 vim,
1530 2231 1711 2259 structas-⁷

270 2293 338 2324 que
355 2283 509 2324 insidias,
532 2283 647 2315 omnia
662 2284 745 2324 jura
761 2284 796 2315 in
811 2294 872 2316 sua
887 2293 1031 2325 persona
1049 2283 1186 2321 violata,
1201 2281 1418 2313 insidiatores
1435 2280 1522 2312 licet
1532 2280 1693 2322 plurimos

269 2335 365 2368 fusos
381 2346 400 2368 a
415 2346 451 2367 se
467 2329 770 2378 obtruncatosque‚
792 2346 858 2369 uno
879 2340 1042 2378 excepto,
1064 2336 1121 2368 cui
1148 2338 1374 2377 pepercerat:
1399 2333 1515 2365 statim
1540 2332 1693 2375 proficis-

236 2396 238 2398 ·
270 2389 419 2421 cendum
435 2399 511 2421 cum
527 2390 647 2431 copiis,
668 2390 917 2432 Thebanosque
934 2388 1156 2429 invadendos,
1169 2388 1247 2419 dum
1263 2386 1383 2419 fractis
1397 2386 1516 2418 animis
1531 2385 1693 2428 exequias

271 2443 460 2476 celebrant.
506 2444 596 2475 Moti
612 2453 742 2481 omneS,
759 2449 827 2476 tam
843 2444 968 2484 injuria
979 2443 1102 2484 Tydeo
1116 2441 1330 2484 facta,quam
1345 2439 1518 2482 Polynicis
1533 2439 1694 2481 querelis,

271 2496 446 2539 proficisci
463 2500 599 2537 petunt.
645 2497 787 2529 Animos
801 2498 937 2539 mitigat
952 2496 1142 2529 Adrastus:
1159 2505 1227 2528 non
1244 2499 1314 2527 tam
1329 2498 1462 2535 promte
1478 2493 1603 2525 bellum
1619 2501 1693 2524 sus-

272 2550 488 2591 cipiendum:
514 2549 708 2582 numinibus
724 2551 855 2593 sibique
871 2552 943 2582 haec
958 2550 1157 2591 relinquant
1173 2546 1376 2589 reparanda.
1421 2545 1536 2586 Igitur
1549 2545 1643 2577 Deos
1658 2545 1693 2576 in

271 2604 364 2636 extis
381 2603 596 2635 victimarum
619 2605 798 2636 consulere
819 2605 947 2646 placet.
991 2603 1124 2637 Quibus
1139 2602 1223 2634 nihil
1239 2601 1309 2633 laeti
1327 2598 1612 2641 significantibus,
1635 2607 1694 2629 au·

272 2657 379 2698 spicia
395 2665 521 2698 capere
544 2657 678 2689 statuit.
723 2656 950 2699 Amphiaraus
967 2665 1076 2697 augur
1091 2655 1329 2697 peritissimus,
1351 2651 1533 2684 comitatus
1551 2652 1696 2683 Melam-

272 2710 363 2752 pode
379 2710 607 2751 Amythaonis
624 2710 709 2749 filio,
731 2710 958 2744 celeberrimo
973 2710 1078 2742 etiam
1093 2713 1185 2748 vate,
1199 2710 1348 2739 montem
1364 2703 1579 2745 Apesautem
1594 2713 1694 2745 supe-

271 2767 341 2802 rat,
364 2763 621 2807 designatisque
646 2774 689 2796 cx
714 2774 810 2797 more
835 2763 914 2797 coeli
940 2762 1110 2805 partibus,
1133 2761 1252 2803 pejora
1274 2759 1387 2791 omina
1410 2761 1447 2789 et
1465 2756 1693 2789 certissimum

272 2815 416 2849 exitium
433 2818 600 2860 agnoscit.
645 2817 768 2851 Tristis
785 2821 821 2850 et
836 2817 926 2849 mole
947 2815 1054 2849 futuri
1077 2814 1234 2851 obrutus,
1258 2811 1367 2845 vitato
1389 2810 1480 2852 regis
1504 2809 1694 2852 civiumque
