1820 3068
239 247 327 290 800
748 256 788 286 P.
821 256 1013 286 PAmNu
1046 255 1210 287 STA'ru

239 356 360 398 Tota
382 357 507 402 retro,
531 363 732 405 seraeque
754 351 860 392 velit
881 351 1020 393 decus
1051 352 1216 394 addere
1238 354 1382 394 morti.

243 423 361 465 Haec
384 427 505 464 sator
525 425 741 462 astrorum
753 419 1020 474 jamdudum
1041 433 1067 462 e
1087 421 1248 463 vertice
1268 422 1419 463 mundi

241 493 557 546 Prospectans,
580 488 811 543 primoque
830 487 1025 530 imbutas
1046 490 1256 542 sanguine
1277 496 1447 544 gentes,

242 559 492 602 Gradivum
513 556 650 599 acciri
670 569 860 610 propere
875 555 1024 610 jubet.
1082 556 1169 598 Ille
1184 556 1379 599 furentes

241 629 471 677 Bistonas,
495 631 542 667 et
561 624 747 667 Geticas
765 625 1010 679 populatus
1031 625 1233 667 caedibus
1254 625 1401 677 urbes,

239 695 467 739 Turbidus
487 693 700 736 aethereas
720 705 872 734 currus
893 693 1075 747 urgebat
1095 692 1153 735 ad
1176 706 1312 743 arces,

241 764 445 807 Fulmine
467 762 693 804 cristatum
714 760 858 814 galeae
873 760 1024 815 jubar,
1045 773 1252 816 armaque
1271 762 1317 802 iu
1337 774 1445 804 auro

238 833 422 881 Tristia,
442 830 646 872 terrificis
666 833 964 871 monstrorum
983 830 1181 871 animata
1200 829 1369 883 figuriS‚

238 900 468 944 Ine-utiens
485 913 495 940 :
526 901 755 940 tonataxe
773 897 922 951 polus,
944 897 1178 952 clypeique
1199 902 1390 940 cruenta·

238 969 340 1011 Lux
361 968 499 1018 rubet,
520 971 566 1009 et
584 966 723 1008 solem
738 965 868 1018 longe
886 964 989 1006 ferit
1009 965 1195 1007 aemulus
1213 965 1350 1008 orbis.

239 1037 378 1079 Hunc
399 1035 479 1076 ubi
497 1034 775 1077 Sarmaticos
796 1033 1038 1091 etiamnum
1058 1034 1208 1076 efflare
1226 1034 1406 1076 labores

235 1105 433 1159 Jupiter,
454 1108 499 1145 et
519 1108 612 1145 tota
630 1102 858 1157 perfusum
876 1106 1062 1157 pectora
1081 1102 1188 1144 belli

1621 558 1707 600 220

1617 867 1706 942 22⁵

236 1242 344 1265 omncs
365 1234 432 1274 ejus
458 1236 535 1267 anni
559 1234 677 1275 exacti,
702 1238 733 1267 et
756 1234 843 1276 cupit
863 1235 954 1267 tardo
975 1237 1036 1267 leto
1056 1235 1193 1275 gloriam
1215 1234 1360 1276 adficere.
1409 1237 1544 1268 Creator
1568 1236 1704 1269 siderum

236 1276 496 1316 hoecJamdudum
511 1288 639 1310 cernens
653 1288 693 1310 ex
706 1279 771 1309 alto
792 1279 877 1319 caelo,
891 1282 921 1310 et
944 1279 1071 1319 populos
1086 1279 1143 1310 hoc
1165 1280 1266 1319 primo
1281 1289 1390 1312 cruore
1404 1279 1550 1318 infectas,
1568 1280 1704 1321 im11erat

235 1319 376 1352 Martem
390 1332 483 1363 ocyus
490 1322 616 1353 accersi.
650 1321 710 1353 Ille
714 1320 887 1361 sanerzbus
896 1323 1094 1362 depraedatus
1107 1321 1233 1353 rabidas
1251 1322 1397 1363 leraces,
1407 1325 1438 1354 et
1449 1322 1563 1364 oppida
1580 1322 1706 1363 Getica,

235 1367 406 1395 commotus
420 1375 546 1396 currum
559 1364 749 1396 accelerabat
759 1365 800 1395 ad
814 1365 954 1396 coelesles
967 1364 1232 1404 aedes.Fu1gens
1247 1365 1314 1405 eiua
1323 1364 1565 1404 camsulmz'ne
1573 1365 1707 1398 dictata

233 1409 317 1437 erat.
361 1407 407 1438 Et
421 1407 581 1449 quatiebat
594 1409 734 1449 clypeum
750 1407 846 1439 etiam
858 1407 890 1438 in
906 1417 982 1439 auro
998 1407 1182 1447 terribilem,
1194 1412 1225 1441 et
1239 1407 1426 1450 insculptum
1437 1408 1602 1440 horsendis
1620 1418 1705 1440 mon-

234 1451 372 1481 atrorum
387 1451 589 1491 imaginibus.
635 1451 755 1482 Currus
777 1450 833 1481 sub
857 1459 917 1482 axe
941 1453 1076 1482 resonat.
1120 1451 1211 1483 Scuti
1233 1451 1336 1483 lumen
1357 1452 1564 1491 sanguineum
1577 1451 1704 1492 rutilat,

236 1494 269 1522 et
283 1491 347 1531 eius
361 1493 445 1524 orbis
457 1494 567 1535 procul
579 1495 717 1534 percutit
730 1494 835 1531 solem,
849 1503 938 1534 quem
948 1494 1128 1526 minutatur.
1159 1494 1258 1525 Hunc
1271 1498 1307 1526 ut
1320 1494 1450 1534 Jupiter
1462 1495 1587 1536 aspexit
1599 1475 1704 1527 adhuc'

233 1535 430 1569 anhelantem
445 1547 539 1579 opera
554 1536 745 1578 Sarmatica,
759 1540 791 1568 et
806 1536 971 1568 habentem
981 1540 1089 1577 pectus
1100 1538 1224 1578 plenam
1239 1540 1304 1569 toto
1319 1537 1393 1569 belli
1407 1537 1562 1569 tumultu:
1578 1537 1618 1570 In
1632 1537 1701 1578 hoc,

849 1646 868 1666 ρ
871 1646 1089 1659 OOOOOOOOOOO

235 1722 372 1764 Gryph.
390 1721 494 1754 Basil.
511 1722 628 1754 Plant.
645 1721 880 1763 Lindenbrog.
896 1723 1044 1755 etCruc.
1059 1727 1197 1755 acervat.
1200 1725 1308 1756 -218
1330 1725 1427 1756 Unus
1439 1724 1565 1757 Behot.
1573 1723 1700 1763 jamdu-

234 1767 309 1798 dum
323 1766 464 1803 vertice;
488 1767 579 1797 alter
596 1766 813 1805 Jamdudum'
800 1776 834 1796 za
848 1765 976 1798 vertice.
978 1769 1085 1798 -221
1111 1767 1208 1798 Unus
1235 1767 1360 1799 Behot.
1375 1770 1433 1799 aaut
1450 1767 1591 1800 Geticas.
1594 1771 1702 1800 -226

233 1809 336 1842 Alter
350 1809 474 1841 Behot.
501 1810 620 1841 eminus
633 1808 839 1841 orbis.—22⁷
862 1808 966 1840 Aldd.
987 1809 1099 1842 Calin.
1127 1809 1264 1852 Gryph.
1289 1815 1327 1842 et
1340 1810 1447 1844 Basil.
1468 1811 1701 1851 etiamnuwff-

897 1923 930 1956 N
936 1922 1045 1956 OTAE

232 1998 370 2030 Seneca
410 1998 624 2041 Hippolyto:
664 1998 825 2030 ‘Fortem
852 1998 940 2030 facit
995 1996 1137 2029 feraeac
1154 1997 1342 2030 bellicosae.

231 2050 346 2082 vicina
370 2049 513 2081 libertas
537 2059 667 2082 senem.
672 2050 680 2063 ’
723 2050 793 2082 Ubi
817 2050 939 2082 ‘liber-
1036 2051 1101 2080 223
1127 2049 1274 2080 Fulmine
1286 2049 1453 2080 cristatum
1472 2049 1574 2088 galea
1589 2047 1703 2090 Jubm]

232 2099 306 2132 tas'
319 2099 488 2141 significat
499 2099 602 2132 finem
618 2101 714 2132 vitae.

273 2153 339 2183 217
362 2152 506 2193 Seraeque
519 2152 597 2184 velit
620 2153 714 2183 decus
725 2153 840 2184 addere
855 2161 938 2184 mar-

230 2200 273 2243 ti]
295 2202 369 2244 Ipsi
386 2212 499 2234 serum
517 2202 699 2235 videbatur
711 2208 844 2235 naturae
861 2203 937 2245 lege

230 2253 331 2293 mori,
344 2253 463 2294 itaque
484 2253 622 2285 volebat
636 2264 699 2295 per
716 2254 876 2286 virtutem
893 2254 935 2286 ad

229 2307 376 2334 mortem
403 2313 604 2344 properare.
649 2304 754 2337 Multi
780 2309 937 2336 veterum

230 2352 427 2394 sapientum
461 2363 626 2386 summam
653 2355 797 2396 gloriam
835 2365 939 2397 pone·

230 2403 316 2436 bant
327 2403 362 2435 in
378 2409 557 2436 contemtu
573 2406 706 2438 mortis.

273 2455 340 2485 219
362 2454 532 2496 Primoque
546 2455 682 2487 imbutus
696 2457 849 2496 sanguine
858 2467 937 2497 gea·

230 2503 291 2545 tes]
316 2504 386 2536 Qui
416 2503 451 2535 in
473 2504 538 2536 liae
571 2515 686 2547 pugna
714 2507 825 2548 Tydei
859 2518 936 2539 cum

227 2554 403 2586 Thebanis
419 2553 514 2586 fusus
530 2553 654 2588 fuerat.

271 2608 335 2637 221
360 2605 530 2647 Bistonas]
554 2606 728 2648 Bistones,
740 2602 823 2649 geue
833 2609 936 2641 Thra-

228 2655 295 2687 cia.
359 2656 490 2687 Geticae
516 2656 627 2697 urbes]
675 2657 778 2690 Getae
817 2660 936 2700 populi

227 2707 396 2739 Thraciae.
441 2708 487 2739 Et
508 2708 574 2740 hoc
598 2708 683 2740 dicit
704 2708 831 2750 Poeta,
845 2709 936 2752 quod

228 2757 326 2789 Mars
350 2757 466 2789 sedem
494 2758 643 2799 elegerit
665 2759 700 2790 iu
722 2760 879 2801 Thracia,
900 2765 938 2792 et

229 2806 321 2850 quod
334 2807 486 2840 Thraces
509 2811 548 2842 et
564 2808 666 2842 Getae
686 2810 757 2843 sint
778 2811 937 2843 nationes

993 2097 1107 2130 Galea
1119 2099 1246 2130 Martis
1261 2099 1338 2131 loco
1353 2099 1535 2131 cristarum
1549 2099 1699 2132 hahebat

990 2149 1120 2182 fulmen
1143 2149 1352 2192 impositum.
1397 2151 1556 2192 Armaque
1575 2149 1610 2182 in
1623 2160 1701 2182 aare

992 2201 1123 2241 Tristia,
1153 2201 1306 2244 terrificis
1331 2204 1539 2232 monstrorum
1559 2202 1708 2237 animata

980 2251 1120 2293 figuris]
1143 2251 1194 2283 Ut
1208 2252 1369 2293 maj0rem
1385 2255 1551 2283 terrorem
1566 2250 1699 2283 incute-

993 2306 1084 2334 rent.

1035 2356 1098 2386 225
1125 2354 1224 2386 Tonat
1247 2363 1307 2385 axe
1325 2353 1434 2394 polus]
1455 2352 1631 2384 Incertum
1659 2363 1697 2384 u-

992 2409 1082 2436 trum
1099 2405 1168 2446 poli
1195 2414 1310 2444 axem,
1337 2414 1382 2436 au
1402 2414 1522 2436 currus
1546 2403 1697 2445 dixerim

991 2454 1052 2486 sed
1069 2456 1198 2487 rectius
1212 2464 1274 2496 pro
1291 2464 1356 2487 axe
1369 2464 1491 2486 currus
1502 2454 1660 2488 sumitur.

1033 2508 1100 2537 226
1125 2505 1286 2547 AEmulus]
1322 2505 1466 2548 AEqunle
1492 2504 1620 2538 habens
1646 2505 1697 2538 lu·

990 2565 1080 2587 men.

1033 2609 1098 2638 227
1121 2606 1312 2638 Sarmaticos
1324 2604 1458 2646 labores]
1470 2605 1666 2639 San-micon
1676 2616 1697 2638 a

990 2656 1156 2688 Sarmatis
1167 2658 1317 2698 Europae
1326 2656 1463 2698 populis
1478 2665 1585 2698 supra
1593 2657 1696 2689 Thra-

991 2718 1048 2740 ces
1074 2713 1111 2740 et
1134 2709 1246 2741 Getas
1268 2707 1571 2750 Septemtrionem
1575 2717 1694 2741 venus

989 2762 1075 2794 sitis.
1118 2762 1297 2795 Vocantur
1309 2761 1412 2796 hodie
1427 2761 1694 2803 Potonidlatbe-

989 2812 1036 2854 ni,
1050 2815 1086 2844 et
1101 2812 1241 2846 Tartari.

1802 1851 1820 2143 i

1793 2138 1820 2586 3

1790 2587 1820 2763 ὲ

1790 2794 1813 3068 3
