1820 3068
644 188 927 223 THEBAmos
962 189 1054 220 mn.
1090 188 1142 220 111.

1525 174 1612 218 717

154 291 271 335 Cura
290 301 416 339 meae,
435 287 566 341 longo
585 286 853 340 promittitur
872 284 1029 327 ordine
1046 283 1143 325 fati.

153 360 217 403 Di
232 359 361 408 bene,
379 354 498 411 quod
519 354 631 396 tales
649 353 921 407 stirpemque
942 346 1202 405 animosque
1221 349 1403 400 venitis,

1527 347 1613 389 170

154 426 219 470 Ut
236 436 448 481 responsa
459 422 645 477 juvent:
672 420 748 462 hic
767 420 890 461 durae
909 423 1104 472 tempore
1120 417 1269 459 noetis

156 495 321 538 Partus
338 492 478 533 honos
490 503 504 532 :
533 490 630 531 haec
648 489 728 531 illa
747 488 866 531 venit
884 490 993 542 post
1010 487 1194 529 verbera
1214 498 1398 527 merces.

157 561 430 604 Audierant:
458 557 667 612 fixosque
687 555 844 599 oculos
865 568 946 611 per
964 559 1119 596 mutua
1139 553 1326 608 paulum

161 629 252 674 Ora
268 629 431 677 tenent,
450 625 624 678 visique
642 625 756 666 inter
773 635 873 665 sese
895 621 1047 664 ordine
1064 621 1188 663 fandi

158 694 356 738 Cedere:
386 693 467 736 sed
485 693 656 735 cunctis
674 691 859 746 Tydeus
880 689 1111 733 audentior
1127 689 1241 732 actis

159 762 349 816 Incipit:
381 761 421 803 Ο
442 773 575 815 quam
594 763 637 802 te
656 773 836 814 parcum
854 760 901 801 in
919 758 1147 814 praeconia
1165 757 1297 799 famae

162 829 296 872 Mens
314 829 454 883 agitat
471 832 642 870 matura
662 832 766 878 tuae,
787 831 1087 882 quantumque
1106 826 1321 867 ferentem

162 895 401 939 Fortunam
418 895 581 938 virtute
601 894 778 936 domas!
810 895 886 936 cui
905 894 1037 936 cedat
1056 892 1278 935 Adrastus

162 1022 255 1063 longa
271 1022 415 1062 fatorum
438 1024 529 1056 serie.
575 1022 636 1055 Dii
651 1023 725 1055 bene
740 1026 912 1062 verterunt,
933 1023 1014 1064 quod
1027 1023 1106 1054 tales
1120 1022 1234 1054 venitis
1257 1031 1372 1062 genere
1393 1026 1425 1054 et
1447 1022 1564 1061 animo,
1586 1025 1622 1053 ut

163 1066 288 1098 meula

307 1067 462 1109 placeant.
508 1067 578 1098 Hoc
601 1068 694 1098 decus
717 1066 805 1098 vobis
826 1069 1038 1106 comparatum
1061 1068 1108 1097 est
1132 1069 1269 1106 tempore
1291 1065 1409 1098 ucerbae
1423 1065 1544 1096 noctis:
1568 1064 1625 1096 hoc

161 1109 325 1150 premium
338 1109 473 1150 contigit
486 1109 574 1141 vobis
590 1113 659 1150 post
678 1112 816 1149 receptos
836 1109 930 1141 ictus.
981 1109 1027 1140 Ut
1040 1108 1238 1147 audiverunt,
1258 1111 1387 1150 uterque
1399 1109 1525 1148 paulum
1539 1110 1625 1138 tenet

242 1152 362 1184 lunatim
373 1152 408 1184 in
422 1153 544 1183 nultum
558 1152 703 1191 ulterius,
726 1155 758 1183 et
782 1152 843 1183 visi
866 1154 940 1182 sunt
954 1151 1014 1183 sibi
1027 1151 1158 1183 invicem
1171 1151 1295 1190 deferre
1318 1152 1453 1192 primum
1466 1151 1565 1182 locum
1582 1151 1626 1180 lo-

163 1195 289 1235 quetidi-

332 1195 394 1227 Sed
409 1195 529 1236 Tydeus
542 1195 692 1227 audacior
706 1195 741 1226 in
762 1194 901 1226 omnibus
907 1194 1010 1233 sactis
1022 1194 1146 1226 orditur
1156 1205 1167 1226 .-
1193 1196 1223 1226 0
1238 1204 1331 1235 quom
1351 1194 1475 1226 animus
1487 1194 1626 1235 prudens

165 1239 198 1270 tc
221 1237 326 1270 reddit
345 1238 516 1270 modestum
540 1238 573 1269 in
597 1237 809 1278 praedicandis
834 1238 899 1268 tuis
919 1236 1071 1276 laudibus,
1092 1240 1124 1269 et
1143 1241 1293 1278 quantum
1306 1247 1435 1278 superae
1449 1245 1629 1278 prosperum

157 1277 322 1317 fortunam
334 1281 542 1314 moderatione
559 1279 639 1313 tua!
664 1280 725 1313 Cui
739 1279 899 1312 Adrastus
920 1280 1041 1321 peritia
1064 1281 1220 1321 regnandi
1244 1280 1378 1319 inferior
1392 1283 1459 1312 est?
1485 1279 1565 1316 Quis
1577 1279 1629 1319 ig-

774 1385 855 1397 ‘m
858 1385 1018 1398 eeeee

167 1461 291 1495 Behot.
307 1465 340 1494 et
361 1462 610 1502 κηρία-169
631 1463 726 1500 Juru,
743 1472 806 1502 pro
835 1463 933 1503 Cura,
948 1462 1063 1503 lapsus
1084 1466 1139 1494 est
1161 1471 1341 1504 operarum
1366 1463 1399 1493 in
1417 1461 1472 1494 ed.
1496 1460 1631 1493 Grono-

169 1507 290 1544 viann3
311 1505 389 1536 hinc
406 1505 531 1536 invasit
545 1505 628 1536 alias
647 1510 717 1536 tres
732 1506 842 1537 Veen.
869 1506 998 1544 Delph.
1015 1510 1063 1542 et,
1078 1505 1168 1546 quod
1197 1506 1305 1546 magis
1331 1505 1536 1540 mirandum,
1553 1504 1633 1545 Bip.

169 1547 322 1590 quamvis
344 1551 542 1580 correxerat
563 1548 760 1580 Gronovius
786 1548 822 1579 in
847 1548 1101 1579 Erratis—172
1122 1549 1132 1566 ‘
1150 1549 1262 1589 Magis
1282 1549 1456 1580 heroicum
1477 1551 1514 1578 et
1534 1547 1632 1578 virile

169 1590 273 1622 estin
289 1599 362 1621 rem
375 1594 584 1630 praeseutem
599 1592 687 1632 quod
703 1596 821 1622 noster
843 1590 955 1622 codex
980 1589 1148 1631 praefert:
1169 1594 1238 1631 post
1253 1592 1382 1622 vulnera
1403 1600 1529 1622 merces.
1573 1589 1631 1621 Ita

168 1631 335 1674 Papinius
362 1632 507 1674 ipsemet
528 1633 586 1664 lib.
608 1642 634 1664 ι.
650 1632 736 1664 474!
753 1633 981 1665 Barth.—1⁷3
1004 1633 1102 1664 Unus
1130 1634 1255 1666 Behot.
1282 1634 1421 1666 exhibet
1441 1634 1573 1671 aninum,
1595 1637 1632 1664 et

169 1674 439 1715 suprascriptum
467 1676 532 1706 alio
558 1675 659 1717 stylo,
680 1676 900 1708 oculos-174
923 1675 1012 1708 Edd.
1026 1680 1112 1708 vett.
1136 1676 1273 1717 visisque
1294 1677 1377 1708 inter
1398 1686 1475 1708 sese.
1520 1676 1530 1692 ‘
1548 1676 1631 1707 Cor-

171 1721 292 1758 ruptus
315 1717 453 1749 literuia
478 1718 574 1749 locus
602 1718 783 1750 senteutiae
810 1718 894 1750 facit
921 1723 1081 1750 noctem:
1107 1729 1208 1760 quam
1231 1719 1332 1751 facile
1357 1719 1532 1760 dispelles‚
1548 1718 1576 1749 si
1593 1722 1633 1749 ut

172 1760 322 1800 reposui,
335 1760 441 1801 legas,
462 1761 582 1801 visique
606 1761 692 1792 inter
711 1771 787 1800 sese,
802 1770 866 1793 nec
890 1761 1031 1793 dubium
1052 1762 1134 1802 quin
1162 1762 1331 1802 Papinius
1354 1762 1400 1794 ita
1428 1760 1633 1802 scripserit?

175 1803 378 1835 Bene—1¹15
403 1803 526 1844 Tydeus
545 1804 693 1835 audacior
707 1804 846 1836 Taurin.
871 1804 988 1836 Burni.
1005 1809 1041 1835 et
1062 1805 1183 1837 Behot.
1212 1805 1301 1837 vide
1326 1805 1444 1836 Burm.
1461 1804 1503 1835 ad
1528 1803 1635 1834 Ovid.

172 1843 254 1878 Art.
273 1844 350 1879 Am.
365 1854 392 1878 1.
418 1849 603 1879 6⁰8.—178
625 1847 749 1887 Margo
770 1848 827 1879 ed.
849 1847 972 1879 Barth.
994 1847 1079 1879 cedit
1103 1847 1381 1879 Adrastum—18¹1
1408 1847 1456 1878 Tu
1475 1846 1560 1888 potis
1585 1855 1629 1886 es,

827 1951 975 1985 NOTAE

218 2034 281 2064 1⁷0
305 2032 398 2069 Quod
425 2033 504 2065 tales
532 2033 662 2075 stirpem
684 2032 876 2075 animosque]

176 2081 421 2124 Hesseanmus,
436 2087 472 2115 et
494 2083 784 2125 subintelligenda
799 2094 875 2125 par-

177 2132 283 2165 ticula
297 2131 389 2166 κατά.
436 2133 539 2175 Tales]
563 2135 621 2167 Sic
639 2126 749 2167 fortes
766 2139 803 2168 et
817 2144 875 2167 no-

177 2181 274 2214 biles.

202 2233 283 2283 -171
311 2233 356 2265 Ut
368 2235 652 2276 responsajuvent]
682 2237 734 2268 Ut
748 2245 802 2267 me
818 2235 878 2268 de-

178 2282 287 2315 lectet
301 2285 387 2316 tales
402 2295 548 2326 generos
561 2286 728 2328 Apollinis
741 2295 879 2328 respon·

181 2342 220 2365 so
235 2334 409 2367 meruisse.
450 2336 552 2367 Dnrae
573 2337 688 2378 noctis]
711 2337 814 2378 Cujus
830 2337 880 2369 ni-

181 2383 304 2416 mirum
315 2383 441 2426 injuria
452 2386 563 2417 coacti
573 2385 712 2418 fuerant
726 2387 882 2428 recipere

182 2443 220 2465 se
236 2433 364 2476 Argos.
540 2445 542 2447 ’

225 2487 288 2518 1⁷2
311 2486 389 2518 Post
402 2486 547 2528 verbero]
581 2486 755 2529 Intelligit
775 2486 884 2522 rixam

182 2539 292 2568 ortam
321 2537 414 2569 inter
438 2537 593 2579 Tydeum
621 2539 657 2570 et
682 2537 881 2580 Polynicen]

180 2585 228 2622 ,ad
243 2590 375 2628 portam
389 2588 475 2620 aulae
486 2597 568 2627 suae,
582 2588 616 2619 in
633 2597 700 2630 qua
711 2588 787 2620 rixa
799 2589 883 2621 mul-

183 2639 235 2668 ton
249 2637 337 2670 ictus
353 2638 459 2680 pugni
475 2642 512 2670 et
526 2638 631 2671 calcis
652 2638 717 2670 sibi
737 2639 884 2673 invicem

185 2685 389 2722 inflixerant.

230 2732 291 2770 17'5
325 2738 400 2771 Sed'
417 2740 535 2772 cunetis
572 2734 694 2782 Tydeus
722 2731 886 2773 audentior

929 2033 1024 2075 actis]
1047 2033 1144 2065 Talis
1159 2033 1285 2076 ubique
1300 2033 1511 2075 depingitur.

975 2088 1038 2118 176
1063 2086 1093 2115 0
1117 2095 1210 2126 quam
1235 2088 1266 2116 te
1286 2095 1430 2126 parcum,
1453 2083 1526 2125 ξω]
1561 2084 1642 2116 Hoc

931 2139 996 2175 est,
1007 2134 1110 2167 nimio
1127 2134 1257 2176 pudore
1280 2135 1462 2176 plurimum
1481 2134 1550 2166 tuis
1571 2134 1643 2166 lau-

931 2185 1032 2218 dibus
1047 2185 1211 2217 detrahis.

976 2239 1038 2268 177
1065 2236 1283 2276 Quantumque
1289 2235 1448 2275 ferentem
1464 2235 1641 2267 Fortunam

933 2287 1053 2319 virtute
1077 2286 1200 2327 domas]
1235 2285 1267 2318 A
1295 2290 1401 2319 vento
1432 2286 1645 2318 secundante

935 2342 1048 2369 sumta
1066 2337 1279 2378 metaphora.
1321 2335 1448 2368 Similis
1468 2335 1563 2377 apud
1578 2335 1640 2367 Se-

937 2397 1058 2419 necam
1075 2387 1141 2428 Ep.
1156 2390 1211 2419 22.
1245 2388 1255 2404 ‘
1273 2387 1348 2419 Nec
1371 2387 1500 2418 instare
1516 2385 1640 2416 Fortu-

936 2447 990 2469 nae
1016 2437 1168 2470 ferenti!
1210 2437 1342 2469 Noster
1364 2437 1504 2469 Pietate
1531 2435 1640 2467 Abas-

937 2487 1066 2520 cantii:
1091 2488 1223 2520 ‘Tener
1249 2487 1340 2519 idem
1364 2487 1488 2527 animo,
1509 2495 1638 2518 mores-

939 2548 1005 2580 que
1028 2537 1176 2570 modesti
1192 2538 1343 2569 Fortuna
1363 2542 1544 2570 crescente
1570 2547 1641 2569 ma-

936 2587 1046 2620 nent.'
1089 2583 1218 2620 Paulus
1243 2587 1368 2619 Consul
1390 2587 1483 2629 apud
1507 2587 1641 2620 Livium

937 2639 1028 2670 Dec.
1040 2647 1075 2670 v.
1091 2637 1150 2669 lib.
1162 2647 1194 2670 v.
1209 2637 1243 2669 in
1255 2636 1494 2669 exhortatione
1505 2637 1549 2669 ad
1562 2647 1640 2669 suos

935 2693 1018 2730 post
1031 2689 1160 2722 victum
1184 2692 1220 2720 et
1242 2693 1381 2730 captum
1402 2689 1568 2722 Perseum
1587 2699 1641 2721 re-

938 2748 1014 2781 gem
1029 2738 1245 2771 Macedoniae
1259 2749 1268 2771 ι
1291 2740 1301 2757 ‘
1317 2739 1521 2781 Exemplum
1537 2739 1640 2780 insig-
