1820 3068
217 209 332 252 1032

709 223 750 253 P.
784 221 977 254 PAPiNll
1021 223 1187 256 s'rA'rit

217 317 401 358 Summa
422 320 604 372 crepant
622 329 744 369 auro,
759 318 986 373 Tyrioque
1006 320 1222 362 attollitur
1241 323 1358 363 ostro

216 382 361 426 Molle
381 385 697 439 supercilium:
728 389 893 428 teretes
913 387 1001 430 hoc
1021 387 1216 442 undique
1236 402 1422 443 gemmae

219 452 441 494 Irradiant
460 467 469 495 ε
505 453 654 496 medio
677 454 815 496 Linus
835 455 1102 498 intertextus
1123 457 1324 508 acantho,

218 519 489 576 Letiferique
510 535 670 565 canes:
702 535 818 577 opus
840 523 1105 565 admirabile
1127 537 1306 579 semper

219 587 403 640 Oderat,
426 594 559 646 atque
578 591 738 632 oc‘ulos
758 590 969 633 flectebat
989 592 1048 633 ab
1070 592 1217 633 omine
1237 597 1389 635 mater.

214 654 357 698 Arma
377 658 524 709 etiam,
546 663 590 701 et
610 662 806 700 veterum
826 659 1016 701 exuvias
1038 659 1283 702 circumdat
1301 673 1484 703 avorum

214 778 292 799 auro
306 772 409 807 sonat,
422 773 452 800 et
469 770 557 801 molle
573 770 749 809 fastigium
764 771 904 810 assurgit
920 774 1098 811 tegumento
1117 781 1297 813 purpureo.-
1319 771 1462 803 rolundoe
1480 781 1610 811 gemmoe
1625 770 1684 803 hoc

213 812 349 852 undique
364 813 536 844 illustrant.
582 813 622 843 In
636 823 668 844 eo
686 813 918 854 exprimebatur
933 815 1032 846 Linus
1047 817 1190 847 intextus
1202 814 1238 846 in
1254 814 1354 846 medio
1367 814 1511 853 acantho,
1524 819 1555 845 el
1571 814 1683 846 morti·

205 854 274 892 feri
289 865 389 887 canes.

213 898 328 935 oculos,
349 898 540 939 praesagiens
563 899 625 930 sibi
639 900 714 942 quid
729 898 865 937 semesei.

437 855 593 887 Genitrix
607 866 729 896 semper
742 860 885 888 aversata
904 856 1016 895 suerat
1030 859 1144 889 mirum
1159 858 1214 889 hoc
1228 866 1316 898 opus,
1335 861 1366 888 et
1379 857 1418 888 ab
1432 867 1468 888 eo
1481 856 1682 898 detorquebat

912 899 1026 932 Gloria
1040 911 1108 942 quae
1123 900 1219 932 etium
1231 899 1401 940 funeribus
1421 908 1454 932 se
1474 899 1637 941 immiscet,
1650 903 1682 931 el

832 993 1070 1007 ““OO‘OCOOO

214 1059 320 1095 Belo;
344 1058 423 1091 Ald.
438 1062 469 1091 l.

489 1069 640 1100 cynnama
657 1060 834 1092 Helm—63
859 1061 1022 1093 Nonnulli
1051 1061 1154 1094 codd.
1178 1071 1255 1093 cum
1283 1059 1388 1092 Aldd.
1412 1059 1523 1093 Colin.
1547 1060 1682 1102 Gryph.

213 1101 324 1132 Basil.
353 1101 469 1134 Plant.
485 1102 631 1134 Gevart.
650 1103 882 1145 Lindenbrog.
898 1111 931 1135 et
948 1106 1049 1137 cruc.
1072 1107 1246 1146 teretesque
1259 1104 1331 1136 hinc
1342 1114 1355 1141 ‚·
1379 1104 1484 1144 Lang.
1502 1104 1601 1136 Laur.
1617 1105 1684 1136 Be·

213 1145 302 1176 hott.
322 1146 352 1176 1.
369 1148 401 1176 2.
427 1145 495 1176 duo
512 1145 704 1186 Barthiani,
728 1146 859 1178 anlid.
878 1147 1027 1187 Lipsian.
1043 1152 1079 1179 et
1093 1149 1187 1179 Dan.
1209 1151 1380 1187 teretesque
1393 1146 1473 1184 '¹⁰⁶5
1498 1146 1578 1178 Put.
1602 1149 1683 1178 tere-

213 1191 319 1228 tesque
333 1187 417 1224 huc,-
439 1187 583 1219 Amstei.
600 1189 752 1220 Gronov.
769 1190 891 1221 Barth.
906 1191 1015 1223 Veen.
1031 1196 1067 1222 et
1086 1190 1209 1231 Delph.
1231 1193 1346 1222 teretes
1359 1189 1515 1221 lua—64
1539 1189 1684 1221 Irradiue

214 1231 365 1271 optimus
391 1231 621 1271 Barthianus3
643 1241 746 1272 quam
775 1232 959 1264 lectionem
987 1238 1107 1265 tuetur
1131 1233 1236 1264 etiam
1263 1233 1562 1264 Laurentium—67
1585 1232 1683 1264 Unus

213 1273 338 1306 Behot.
361 1274 458 1305 etiam
469 1277 619 1315 veterum,
643 1275 766 1307 omisso
780 1276 826 1316 τῷ
839 1279 882 1308 et.
924 1276 934 1294 ‘
949 1275 1006 1307 Ab
1021 1277 1085 1309 hoc
1103 1285 1204 1308 versu
1220 1285 1327 1317 usque
1342 1274 1386 1306 ad
1404 1277 1515 1307 vs.8⁵.
1537 1274 1573 1306 in
1597 1284 1683 1307 non—

882 1360 1027 1394 NOTIE

213 1421 299 1454 leti:
345 1421 571 1454 ‘Odoriferos
601 1423 762 1455 exhausit
785 1422 922 1456 flamma
975 1423 1154 1456 funeribus
1180 1424 1259 1456 vide
1283 1421 1518 1456 Alexandrum
1541 1421 1602 1454 lib.
1623 1429 1683 1453 m.

214 1473 367 1513 Sabaeos,
399 1474 447 1504 Et
479 1474 624 1506 Cilicum
657 1484 796 1515 messes,
831 1475 922 1506 Pha·
975 1485 1054 1516 cap.
1070 1477 1102 1506 7.
1608 1466 1611 1473 ⁸
1641 1481 1644 1484 ’

214 1525 344 1566 riaeque
372 1528 509 1556 exemta
532 1525 662 1557 volucri
684 1526 863 1566 Cinnama,
887 1529 924 1558 et

213 1574 357 1615 Assyrio
387 1568 564 1606 manantes
591 1575 745 1616 gramine
781 1574 926 1608 succos.'

213 1626 332 1657 Tertio
370 1635 466 1666 vero,
507 1625 650 1657 Pietate
699 1625 924 1659 Abascantii:

215 1677 225 1694 ‘
240 1676 353 1707 Omne
370 1675 441 1707 illic
458 1676 624 1716 stipatum
647 1676 804 1707 examine
821 1676 924 1717 longo

213 1727 288 1757 Ver
299 1725 465 1766 Arabum,
478 1726 692 1768 Cilicumque
702 1725 792 1766 fluit,
804 1725 924 1758 flores-

183 1820 186 1824 .
214 1786 282 1819 que
298 1776 423 1818 Sabaei,
451 1776 678 1819 Indorumque
694 1786 810 1809 arsura
826 1787 926 1818 seges

215 1833 458 1870 praereptaque
486 1829 623 1870 templis
647 1829 776 1868 Thura,
801 1829 929 1861 Palaes·

215 1878 297 1911 tinis
313 1879 412 1911 simul
425 1878 637 1921 Hebraeique
650 1879 799 1921 liquores
821 1880 927 1921 Cory-

214 1929 348 1971 ciaeque
364 1929 734 1970 comae‚Cynareiaque
750 1929 928 1970 germina.’

257 1983 301 2012 62
319 1980 476 2022 Tyrioque
488 1979 648 2011 attollitur
659 1985 747 2011 ostro
762 1980 862 2011 Molle
873 1990 926 2011 su-

210 2029 394 2073 percilium]
430 2029 558 2070 Tangit
579 2039 707 2061 morem
729 2029 927 2061 involvendi

215 2086 370 2114 mortuos
387 2080 421 2112 in
436 2079 595 2121 pretiosis
608 2088 649 2111 ac
661 2078 842 2120 purpureis
851 2088 926 2110 ves-

216 2132 336 2165 tibus:
369 2131 452 2174 quin
473 2135 511 2163 et
526 2131 669 2162 mortuis
692 2130 830 2171 injectae
846 2139 926 2171 pur-

215 2193 333 2225 pureae
350 2186 475 2215 vestes.
521 2181 628 2222 Cujus
643 2181 746 2213 moris
761 2180 930 2212 rationem

215 2234 320 2267 affert
347 2233 508 2266 Servius:
545 2232 555 2250 ‘
570 2230 770 2271 Quoniam,'
804 2230 929 2272 inquit,

218 2288 229 2305 ‘
240 2289 455 2319 sumtuosum
471 2288 548 2316 erat
558 2287 595 2315 et
605 2282 746 2314 crudele
758 2281 929 2323 victimas,

216 2338 275 2370 vel
288 2336 442 2369 homines
461 2333 672 2373 interficere,
681 2332 860 2373 sanguinei
875 2341 929 2363 co·

216 2387 301 2420 loris
314 2390 434 2428 coepta
447 2389 503 2416 est
518 2384 625 2416 vestis
647 2383 791 2415 mortuis
809 2381 930 2424 injici!

218 2438 384 2480 Virgilius
415 2435 551 2468 AEneid.
579 2443 632 2466 vr.
662 2434 672 2451 ‘
687 2434 743 2465 Fit
768 2433 928 2474 gemitus,

219 2494 294 2522 tum
309 2488 463 2521 membra
487 2492 564 2518 toro
586 2483 718 2516 defleta
743 2487 929 2524 reponunt,

220 2540 489 2581 Purpureasque
502 2545 609 2576 snpra
620 2539 747 2571 vestes,
761 2533 931 2565 velamina

221 2595 319 2631 nota,
342 2585 566 2630 Conjiciunt.’
620 2586 752 2618 Noster
788 2584 930 2616 Pietate

221 2640 444 2674 Abascantii:
477 2640 487 2657 ‘
498 2637 589 2670 Altis
603 2637 687 2679 Ipsa
710 2636 794 2669 toris
807 2635 930 2667 Serum

220 2693 394 2734 Tyrioque
420 2690 579 2723 umbrata
603 2686 773 2720 recumbit
789 2686 928 2728 Tegmi-

219 2742 289 2776 ne!
329 2742 381 2773 De
395 2745 490 2773 ostro
506 2749 589 2772 vero
603 2749 666 2771 seu
682 2747 835 2780 purpura
850 2736 928 2768 vide

223 2792 333 2826 Theb.
355 2801 383 2824 ι.
408 2793 483 2823 517.
528 2791 587 2823 De
613 2799 678 2822 usu
702 2797 865 2830 purpurae»,
891 2786 927 2818 in

1022 1528 1065 1558 64
1087 1524 1198 1557 Medio
1212 1525 1315 1557 Linus
1327 1524 1519 1556 intertextus
1537 1522 1685 1564 acantho,

979 1575 1174 1617 laetifer-ique
1189 1574 1297 1615 canes]
1319 1575 1423 1606 Linus
1439 1574 1495 1605 ille
1510 1572 1685 1615 Apollinis

980 1631 1017 1658 et
1029 1626 1230 1658 Psamathes
1238 1625 1326 1657 filius
1341 1624 1512 1657 acanibus
1523 1623 1686 1665 parvulus

979 1677 1172 1719 discerptus
1187 1680 1255 1715 est,
1268 1682 1308 1708 ut
1330 1675 1478 1708 vidimus
1500 1674 1564 1706 sub
1578 1673 1684 1706 finem

979 1729 1090 1760 Theb.
1108 1737 1134 1760 1.
1152 1728 1210 1760 nbi
1233 1727 1307 1759 haec
1326 1725 1446 1758 fabula
1467 1724 1543 1757 fuse
1556 1724 1686 1756 descri-

980 1779 1087 1812 bitur.
1130 1778 1291 1819 Acantho]
1313 1777 1414 1811 Quod
1430 1775 1588 1809 scribunt
1605 1784 1685 1807 auc-

974 1834 1075 1862 'tores
1104 1829 1147 1862 de
1177 1829 1336 1870 acantho,
1358 1827 1495 1860 omnino
1524 1825 1686 1858 convenit

980 1881 1097 1913 herbae
1114 1881 1267 1913 Brona-ha
1291 1879 1412 1912 Ursino
1433 1881 1578 1914 vocatae,
1593 1877 1685 1919 quod

981 1931 1113 1964 referat
1127 1932 1234 1973 pedes
1249 1930 1332 1967 ursi,
1347 1934 1388 1962 ut
1412 1939 1488 1961 eam
1508 1928 1618 1970 ipsam
1633 1936 1686 1959 es-

981 1991 1032 2022 se,
1047 1982 1129 2013 nihil
1144 1981 1288 2022 amplius
1303 1978 1532 2012 dubitandum
1544 1977 1602 2009 sit.
1624 1977 1687 2008 ni-

981 2031 1157 2064 oscorides
1172 2031 1277 2063 etiam
1291 2030 1302 2048 ‘
1314 2026 1600 2071 herpacantham’
1625 2036 1686 2068 ap-

981 2082 1106 2124 pellari
1127 2082 1178 2113 nit
1202 2081 1262 2113 lib.
1291 2089 1350 2112 m.
1374 2089 1454 2120 cap.
1473 2080 1527 2110 17.
1569 2077 1688 2109 Habet

980 2132 1063 2165 folia
1077 2132 1185 2164 multo
1199 2140 1301 2174 quam
1314 2131 1450 2163 lactuca
1462 2128 1599 2169 latiora,
1613 2128 1688 2160 lon-

986 2183 1164 2225 gioraqne,
1179 2191 1290 2214 erucae
1314 2179 1418 2212 modo
1441 2178 1596 2211 incisuris
1617 2178 1686 2210 dis-

985 2234 1105 2266 tincta.
1146 2231 1236 2264 Vide
1252 2230 1404 2263 Plinium
1424 2229 1484 2260 lib.
1501 2227 1595 2261 x’xu.
1609 2232 1687 2270 cap.

979 2287 1035 2316 22.
1051 2288 1088 2315 et
1107 2281 1306 2314 Vitruvium
1331 2280 1395 2312 lib.
1420 2289 1471 2312 lv.
1497 2278 1558 2310 ubi
1579 2277 1688 2311 refert

982 2331 1229 2366 Callimachum
1257 2330 1430 2372 quendam
1462 2338 1507 2360 ex
1541 2328 1688 2361 'acantho

982 2384 1099 2426 tegula
1114 2388 1208 2415 tecto
1231 2380 1445 2421 excogitasse
1469 2378 1626 2420 ordinem
1651 2378 1687 2410 iu

985 2434 1232 2467 Architectura
1253 2441 1355 2474 quem
1378 2429 1514 2467 vocavit
1541 2434 1550 2447 ‘
1565 2429 1688 2461 Corin·

985 2484 1119 2517 thium!

1027 2538 1070 2567 66
1103 2535 1209 2575 Atque
1233 2532 1336 2564 oculos
1350 2530 1505 2573 flectebat
1523 2528 1565 2562 ab
1587 2529 1688 2561 ousiae

982 2584 1099 2625 mater]
1122 2583 1230 2618 Quasi
1247 2581 1313 2614 sibi
1326 2581 1440 2613 animo
1456 2579 1686 2621 praeugiente

983 2635 1090 2667 filium
1106 2635 1349 2666 Archemorum
1372 2629 1492 2663 eadem
1514 2633 1631 2668 etate,
1644 2637 1687 2660 ao

982 2685 1054 2717 fere
1077 2684 1182 2716 simili
1202 2682 1287 2724 fato,
1311 2680 1513 2723 periturum.
1555 2678 1684 2722 Mater]

982 2733 1169 2775 Eurydice.

1023 2786 1066 2816 67
1088 2783 1191 2816 Arm
1204 2779 1313 2822 niatu,
1327 2777 1398 2821 ξω]
1425 2778 1506 2812 Mos
1525 2781 1604 2812 orat
1621 2778 1695 2814 eti·-
