1820 3068
253 224 340 268 976

754 234 795 266 Ρ.
828 232 1022 267 PAPINH
1057 232 1224 268 STA'rlt

256 332 502 386 Conspexi,
523 331 689 385 riguere
709 345 865 382 comae,
887 337 1024 387 atque
1044 332 1090 373 in
1111 333 1290 377 viscera
1310 343 1460 377 saevus

256 399 428 442 Horror
446 399 519 442 iit:
550 412 674 441 meus
694 400 773 441 ille
791 399 962 450 ThoaS‚
978 412 1079 441 mea
1100 400 1195 442 dira
1215 401 1354 443 videri

255 467 430 509 Dextra
448 466 584 509 mihi:
614 467 842 522 extemplo
857 467 1069 509 thalamis
1084 469 1263 511 turbata
1281 469 1476 524 paternis

1637 466 1724 509 240

254 534 451 577 Inferor:
482 535 557 577 ille
578 535 758 590 quidem
780 534 946 576 dudum
966 533 1090 590 (quis
1110 549 1272 588 magna
1292 535 1439 577 tuenti

255 602 449 644 Somnus
461 603 499 654 ¹2)
528 603 619 657 agit
637 615 816 646 versans
839 615 1006 654 secum,
1025 603 1129 653 (etsi
1149 604 1244 645 lata
1263 603 1454 645 recessit

256 668 379 711 Urbe
395 669 590 721 domus,)
610 671 788 725 quinam
808 669 1015 723 strepitus
1032 671 1052 711 ‘l
1083 682 1186 724 quae
1207 682 1432 724 murmura
1451 668 1616 720 noctis,

255 735 346 778 Cur
365 736 654 779 fremebunda
675 737 835 792 quies‘l
865 736 1062 791 Trepido
1084 737 1227 780 scelus
1248 738 1399 780 ordine
1420 738 1587 792 pando,

256 802 374 855 Quis
395 804 535 857 dolor,
555 805 672 847 unde
694 805 853 847 animi:
883 806 954 846 vis
975 805 1101 847 nulla
1120 818 1269 847 arcere
1289 805 1517 848 furentes:

1635 805 1725 848 245

256 871 360 914 Hac
382 886 582 927 sequere,
602 887 630 916 o
650 873 924 916 miserande:
955 878 1174 927 premunt,
1195 874 1474 929 aderuntque
1488 874 1694 924 moranti,

253 938 314 981 Et
334 953 507 983 mecum
527 940 715 983 fortasse
735 940 900 995 cades:
931 941 1000 983 his
1021 946 1182 993 motus,
1202 946 1246 986 et
1265 946 1386 985 artus

254 1004 413 1050 Erexit
434 1009 612 1051 stratis:
643 1009 823 1051 ferimur
846 1022 926 1064 per
941 1009 1074 1051 devia
1095 1013 1236 1052 vastae

255 1074 410 1127 Urbis,
431 1077 511 1119 ubi
530 1077 750 1132 ingentem
769 1082 996 1120 nocturnae
1018 1078 1158 1120 caedis
1178 1091 1388 1122 acervum

254 1186 361 1215 terunt
374 1183 453 1215 mihi
467 1184 582 1222 crines,
607 1188 638 1216 et
659 1183 793 1216 crudelis
817 1183 927 1215 horror
949 1182 1088 1215 cucurrit
1115 1183 1148 1215 in
1173 1184 1363 1225 praecordia.
1410 1180 1510 1216 Thoas
1521 1181 1576 1216 ille
1589 1191 1676 1215 meus
1688 1182 1724 1216 in

253 1226 392 1258 animum
405 1227 485 1258 mihi
500 1228 594 1268 redit,
610 1237 678 1259 mea
691 1229 806 1259 dextra
821 1226 899 1258 mihi
914 1226 1085 1257 inhumana
1102 1227 1170 1258 vis-z
1185 1230 1242 1259 est.
1286 1227 1405 1259 Statim
1418 1229 1568 1258 commota
1588 1226 1595 1233 '

252 1269 287 1300 in
297 1269 468 1301 cubiculum
481 1271 595 1311 patris.
616 1271 664 1302 At
678 1270 729 1301 hic
742 1269 828 1319 (quis
841 1279 933 1310 sopor
946 1273 995 1300 est
1009 1278 1124 1308 magna
1136 1270 1272 1302 volventi
1283 1269 1312 1311 t)
1325 1269 1500 1312 reputabat,
1511 1273 1544 1300 et
1552 1278 1654 1300 secum
1667 1279 1723 1301 ex-

251 1312 417 1353 pendebat,
430 1313 507 1355 (etn'
521 1313 658 1354 amplum
671 1313 823 1354 palatzum
838 1311 877 1343 ab
891 1309 967 1342 urbe
981 1311 1144 1354 dictares)
1160 1313 1287 1353 quinam
1300 1311 1478 1345 tumultus?
1499 1312 1554 1353 qui
1574 1312 1724 1344 clamores

252 1353 381 1387 noctis?
402 1365 459 1387 cur
472 1356 559 1396 quies
583 1356 761 1387 turbulenta
770 1354 786 1387 ‚⁹
811 1353 922 1386 Totum
944 1354 1061 1386 crimen
1085 1364 1181 1386 narro
1211 1355 1367 1387 trementi.
1421 1354 1522 1387 Undoe
1546 1355 1617 1395 ἱνα,
1641 1355 1724 1387 mide

253 1398 398 1438 audacia,
420 1399 538 1430 nullam
549 1408 614 1430 esse
628 1397 816 1438 facultatem
831 1397 1002 1438 repellendi
1014 1397 1152 1429 rabidas.
1197 1398 1271 1430 Hac
1285 1398 1368 1438 veni,
1382 1408 1399 1429 o
1413 1397 1610 1438 deplorande.

1658 1397 1721 1429 Ur-

250 1444 328 1479 gent
343 1445 374 1473 et
388 1442 555 1488 advenient
566 1443 739 1481 cunctanti,
754 1444 786 1472 et
800 1450 919 1472 mecum
923 1439 1038 1479 forsan
1049 1440 1178 1481 peribis.
1203 1440 1362 1472 Turbatur
1371 1441 1432 1479 his,
1444 1443 1475 1471 et
1487 1439 1646 1489 proripuit
1658 1449 1692 1488 ⁸.⁶
1705 1450 1723 1471 e

254 1484 344 1516 lecto.
389 1483 479 1516 Imus
496 1494 555 1526 per
569 1485 675 1517 devios
689 1484 774 1516 vicos
788 1483 928 1524 ingentis
942 1483 1041 1520 urbis,
1057 1483 1111 1515 ubi
1126 1483 1228 1516 abditi
1249 1485 1346 1516 densa
1365 1483 1502 1524 caligine
1513 1483 1649 1515 vidimus
1663 1491 1721 1514 tm-

866 1575 1063 1592 enecone!
1068 1578 1106 1594 Ι,

252 1655 411 1677 murmure
426 1648 673 1678 truncos—238
695 1646 792 1678 Unus
803 1644 929 1678 Behot.
947 1645 1236 1686 conspexit.—241
1261 1643 1427 1686 Optimus
1440 1644 1547 1677 codex
1563 1643 1722 1676 Barthii:

252 1689 306 1728 qui
322 1699 436 1728 magma
450 1688 673 1721 ἱππί-242
696 1688 794 1721 Idem
809 1688 897 1720 liber
920 1698 998 1720 cum
1025 1688 1092 1720 alio
1118 1687 1298 1728 ejusdem:
1322 1697 1423 1719 secum
1447 1696 1600 1724 versuum
1629 1687 1719 1728 opti-

252 1741 327 1762 mus
352 1740 434 1763 vero
458 1733 531 1763 licet
559 1741 621 1773 pro
649 1731 829 1764 emt-243
853 1731 961 1772 Lang.
987 1731 1093 1762 Laur.
1122 1730 1258 1761 Buslid.
1275 1730 1427 1770 Lipsian.
1442 1739 1528 1762 nnus
1543 1730 1668 1762 Behot.
1684 1733 1721 1761 et

250 1774 331 1805 edd.
349 1778 435 1807 vett.
457 1776 720 1816 quisnam—247
734 1774 875 1807 Behott.
891 1775 923 1806 1.
937 1776 969 1806 2.
986 1777 1022 1805 et
1037 1783 1122 1805 rinus
1138 1773 1346 1805 Barthianus
1362 1783 1370 1805 ε
1388 1772 1438 1805 his
1451 1776 1572 1811 motta,-
1585 1772 1693 1805 ceteri
1710 1781 1720 1802 τ

913 1857 1055 1891 ΝΟΤΙΕ

295 1925 365 1959 288,
383 1922 527 1963 Rignere
549 1933 655 1963 comoe,
679 1926 771 1964 atque
789 1923 825 1954 in
839 1923 960 1955 viscera

251 1983 352 2005 soeaus
367 1973 494 2005 Hom-or
505 1973 545 2004 iit
557 1984 568 2004 .·
583 1983 669 2005 meus
679 1974 732 2004 ille
747 1972 862 2014 Thoan]
877 1973 959 2004 Imi-

253 2029 350 2056 tatur
362 2028 476 2055 autem
491 2023 547 2055 hic
559 2022 672 2055 Poeta
682 2023 866 2064 Virgilium
882 2022 959 2055 AEn.

251 2082 292 2108 1¹.
308 2074 366 2117 qui
381 2074 440 2106 ubi
457 2073 578 2106 scribit
591 2073 733 2105 AEneam
749 2073 876 2105 vidisse
892 2082 959 2104 cae-

253 2125 332 2158 dem
359 2124 501 2164 Priami,
524 2129 608 2156 tunc
625 2125 690 2167 ipsi
715 2124 801 2156 dicit
823 2124 958 2156 venisse

252 2176 288 2207 in
314 2178 465 2207 mentem
490 2179 624 2216 patrem
648 2174 842 2215 Anchisem,
857 2184 897 2206 ac
913 2174 957 2206 de

252 2225 311 2257 illo
327 2224 496 2257 servando
511 2225 704 2266 cogitasse:
723 2226 733 2243 ‘
751 2224 800 2257 At
813 2234 868 2257 me
884 2229 957 2256 tum

253 2277 400 2318 primum
431 2285 540 2307 saevus
563 2275 794 2307 circumstetit
814 2275 958 2314 horror;

254 2325 450 2367 Obstupui:
478 2324 582 2357 subiit
606 2327 678 2357 cari
693 2325 860 2366 genitoris
875 2325 958 2357 ima-

254 2386 309 2417 go,
324 2374 376 2407 Ut
401 2384 517 2417 regem
534 2385 725 2417 aequaevnm
741 2375 873 2407 crudeli
886 2375 959 2406 vul-

254 2437 336 2459 nere
349 2426 418 2458 vidi
429 2426 547 2460 Vitam
563 2426 798 2468 exhalantem,'
810 2427 875 2458 διο.
899 2425 959 2457 Sic

254 2477 463 2519 Hypsipyle,
493 2481 534 2508 nt
559 2475 647 2508 vidit
674 2475 888 2508 Alcimedem
908 2474 958 2507 fe-

254 2532 388 2559 rentem
412 2531 520 2568 caput
542 2529 738 2559 truncatum
764 2526 886 2568 patris,
906 2535 959 2570 re·

254 2577 399 2610 cordata
414 2581 468 2609 est
483 2576 534 2608 sui
546 2576 655 2618 patris
670 2577 849 2616 Thoantis,
863 2581 899 2608 et
914 2575 959 2608 ad

254 2628 344 2660 illius
374 2627 539 2659 auxilium
575 2620 691 2659 statim
730 2627 868 2659 volavit.
913 2627 961 2659 Et

253 2678 342 2710 mira
358 2682 413 2709 est
428 2677 556 2719 ubique
572 2676 694 2709 Poetae
710 2677 747 2709 in
762 2676 958 2709 describen-

255 2729 308 2760 dis
327 2727 507 2761 affectibus
536 2737 613 2760 ars:
638 2728 721 2760 nihil
749 2728 839 2760 enim
855 2727 957 2759 vehe-

256 2779 416 2820 mentius,
447 2778 534 2811 nihil
564 2778 656 2811 omni
686 2777 873 2811 affectuum
901 2786 960 2820 ge-

1013 1931 1095 1954 nere
1124 1922 1260 1964 plenius
1288 1922 1351 1954 hac
1374 1922 1590 1964 Hypsipyles
1614 1922 1722 1954 orati-

1013 1981 1091 2013 one,
1105 1973 1274 2013 nihilque,
1300 1971 1394 2013 quod
1421 1971 1528 2013 magis
1551 1971 1720 2013 pietatem

1014 2031 1110 2054 snam
1125 2022 1160 2053 in
1174 2025 1310 2063 patrem
1324 2025 1489 2054 testetur.

1055 2076 1117 2106 241
1146 2074 1226 2110 Quis
1235 2082 1350 2113 magna
1359 2073 1462 2105 luenti
1471 2073 1621 2114 Somnus]
1633 2073 1720 2107 Jux-
1782 2107 1784 2111 ‚

1013 2128 1051 2156 ta
1080 2124 1165 2156 illud
1191 2123 1416 2156 Homericum
1445 2123 1489 2155 11.
1507 2128 1544 2156 B.
1581 2123 1631 2155 Οὔ
1656 2124 1721 2166 χρὴ

1011 2166 1182 2215 πὶιννύχιον
1203 2173 1298 2206 εὕδειν
1317 2173 1515 2216 βουληφόρον
1539 2173 1646 2217 ἄνδρα,
1659 2173 1722 2207 *nr

1010 2224 1086 2256 λαοί
1095 2225 1126 2256 τ’
1137 2224 1394 2267 ἐπιτετράφαται,
1408 2224 1460 2257 καὶ
1475 2224 1576 2257 τόσσα
1583 2224 1723 2266 μέμηλε.

1012 2275 1088 2306 Non
1101 2279 1222 2316 oportet
1234 2285 1291 2317 per
1310 2278 1410 2307 totam
1433 2276 1572 2307 dormire
1598 2278 1720 2308 noctem
1784 2303 1786 2306 ,

1011 2325 1224 2357 consiliarium
1237 2325 1354 2365 virum,
1379 2325 1430 2357 cui
1443 2325 1551 2366 populi
1563 2325 1720 2357 conamina·
1778 2339 1783 2342 ·

1011 2378 1098 2417 eunt,
1113 2379 1144 2408 et
1160 2384 1243 2414 σαι-,ω
1266 2379 1355 2408 sunt.
1396 2375 1454 2407 Sic
1475 2374 1584 2408 Theb.
1599 2383 1625 2407 ι.
1640 2377 1720 2410 146.
1775 2378 1782 2418 ’-

1013 2431 1115 2460 vocat
1139 2428 1150 2446 ‘
1165 2436 1298 2459 somnos
1312 2436 1431 2468 regum
1445 2425 1657 2468 impacatos?

1055 2480 1118 2510 245
1147 2476 1317 2517 Vis'nulla]
1339 2477 1482 2518 supple,
1496 2481 1625 2517 potest.

1055 2531 1119 2560 24⁷
1143 2529 1191 2560 Et
1203 2537 1323 2560 mecum
1338 2527 1480 2566 sor-tasse
1490 2525 1596 2567 cades]
1619 2527 1716 2559 Bene
1780 2520 1782 2522 ’

1013 2577 1058 2611 de
1091 2579 1245 2621 periculo
1281 2587 1341 2610 suo
1374 2577 1565 2619 cogitavit:
1594 2576 1718 2619 perimi

1014 2628 1106 2661 enim
1132 2629 1294 2670 debebat,
1319 2632 1359 2660 ut
1372 2627 1541 2670 proditrix
1557 2627 1716 2668 conjura-

1014 2679 1129 2712 tionis.
1174 2679 1297 2711 Manet
1324 2677 1530 2718 Gronovius,
1559 2676 1652 2719 quod
1679 2680 1718 2710 et
1773 2682 1813 2719 ·,.‘

1012 2728 1133 2761 melius
1155 2730 1281 2762 etiam:
1306 2728 1353 2760 Et
1379 2730 1479 2760 tecum
1496 2726 1639 2766 sortasse
1663 2737 1715 2759 1:11-⁴
1781 2731 1807 2767 (2¹

1012 2779 1095 2811 dam.
