1820 3068
232 198 320 242 874
746 212 790 244 P.
823 211 968 243 ΡΑΡιΝ
979 211 1016 244 ιι
1047 212 1212 245 s'mru

233 304 505 348 Insoecunda
522 305 643 357 viris,
661 305 867 363 famaque
884 309 1090 351 immanis
1109 310 1274 352 alumni

234 373 515 426 Degenerat:
546 373 625 414 sed
646 374 778 428 lapsa
798 377 888 418 situ
906 377 1100 427 fortuna,
1119 390 1264 431 neque
1284 377 1454 421 addunt

232 439 389 482 Robur
407 454 542 495 opes:
573 454 698 483 rarus
720 444 876 486 vacuis
896 445 1122 487 habitator
1142 445 1188 486 in
1209 445 1329 487 arvis

234 508 458 550 Monstrat
478 507 730 563 Cyclopum
749 510 909 552 ductas
930 511 1168 554 sudoribus
1187 525 1329 554 arces.

234 575 329 617 Dat
348 580 494 617 tamen
515 575 612 617 haec
622 576 841 630 juvenum
862 583 1102 620 tercentum
1124 583 1323 634 pectora,
1344 581 1504 634 vulgus

234 643 520 685 Innumerum
539 644 673 694 bello,
696 646 858 699 quibus
877 646 999 688 haud
1018 653 1214 697 amenta,
1234 661 1316 689 nec
1341 661 1473 689 enses

231 709 379 753 Triste
399 712 591 753 micant:
621 712 790 755 flavent
808 714 948 769 capiti
969 719 1183 769 tergoque
1202 714 1378 756 leonum

233 778 441 829 Exuviae,
463 779 641 832 gentilis
662 779 818 831 honOS,
838 786 883 823 et
900 781 1064 836 pineus
1086 786 1229 823 armat

233 846 400 900 Stipes,
421 845 699 888 inexhaustis
718 851 944 890 arctantur
963 849 1053 890 tela
1071 848 1302 902 pharetris.

235 913 513 956 Herculeum
534 913 706 956 Paeana
727 919 902 966 canunt,
920 919 1188 971 vastataque
1208 916 1416 958 monstris

1617 447 1701 489 150

1618 783 1704 825 155

233 1041 504 1080 magnanimorum
526 1041 678 1081 virorum,
700 1052 756 1074 nec
777 1043 947 1082 degenerat
970 1040 1151 1074 celebritate
1171 1041 1313 1083 ingentis
1337 1044 1480 1080 alama&
1500 1044 1556 1076 sed
1568 1043 1704 1083 fortuna

232 1082 375 1115 civitatis
388 1093 452 1115 oevo
466 1085 594 1124 cecidit,
614 1094 711 1126 neque
727 1085 851 1117 divitia:
876 1084 907 1117 ei
930 1084 1016 1116 vires
1042 1086 1142 1117 dant.-
1161 1095 1254 1117 rarus
1278 1087 1380 1118 incola
1402 1087 1436 1118 in
1461 1067 1595 1119 iesu-tis
1615 1085 1704 1126 agris

234 1127 371 1158 ostendit
385 1136 473 1160 arces
488 1131 681 1160 constructas
695 1129 862 1170 Cyclopum
876 1127 1040 1160 laboribus.
1084 1127 1167 1159 Hoec
1181 1131 1285 1161 tamen
1304 1129 1423 1170 praebet
1445 1133 1600 1162 trecentos
1611 1127 1703 1168 juve-

230 1177 298 1209 nes,
319 1169 444 1202 turbam
464 1180 533 1211 quoe
547 1170 582 1202 in
597 1171 675 1202 bello
689 1174 796 1212 oequat
809 1172 969 1211 ingentem
996 1170 1250 1209 multitudinem
1270 1171 1380 1213 quibus
1403 1182 1466 1204 non
1490 1176 1627 1211 amenta,
1649 1180 1704 1202 nec

232 1211 336 1250 gladii
351 1213 477 1245 horride
491 1214 674 1253 splendent.-
697 1215 818 1246 leonum
840 1214 950 1254 pelles,
972 1213 1065 1245 decus
1085 1213 1217 1254 gentile,
1229 1214 1354 1255 flavent
1373 1225 1468 1256 supra
1480 1218 1573 1256 caput
1587 1219 1616 1246 et
1631 1215 1705 1245 dor-

233 1262 314 1295 sum,
337 1259 368 1287 et
379 1255 475 1296 pinea
489 1257 577 1288 clava
592 1266 641 1292 eos
655 1262 771 1297 armat,
793 1259 825 1288 et
837 1255 968 1296 sagitta
979 1255 1226 1298 comprimuntur
1239 1257 1273 1288 in
1283 1258 1454 1298 pharetris,
1476 1268 1545 1299 quae
1560 1255 1704 1289 evacuari

233 1305 295 1329 non
315 1302 458 1339 possunt.
506 1299 647 1331 Cantant
669 1299 817 1341 hymnum
839 1299 874 1331 in
896 1299 1042 1330 honorem
1067 1299 1230 1341 Herculia,
1250 1303 1282 1332 et
1308 1303 1408 1332 totum
1431 1301 1534 1333 orbem
1557 1300 1706 1332 monstris

846 1393 1086 1407 ooooooooooo

236 1456 299 1486 148
323 1453 404 1486 Nic.
421 1453 584 1486 Heinsius
599 1454 641 1486 ad
658 1454 763 1487 Ovid.
778 1455 883 1491 Pont.
898 1464 956 1488 ιιι.
972 1457 1003 1486 1.
1026 1455 1122 1496 legit,
1136 1454 1342 1498 sammque5
1363 1456 1455 1488 unde
1475 1456 1701 1489 Marklandus

235 1496 279 1529 ad
295 1496 391 1539 Sylv.
407 1501 509 1530 ιιι.1.
525 1500 600 1530 160.
625 1498 1084 1538 correxit,samamve.—-149
1106 1499 1188 1532 Put.
1206 1500 1378 1540 sedelapsa
1399 1499 1476 1532 situ.
1513 1500 1602 1532 Vide
1624 1501 1703 1532 Nic.

235 1540 358 1573 Heius.
371 1540 413 1572 ad
431 1540 537 1573 Ovid.
553 1541 657 1573 Pont.
673 1550 709 1582 p.
726 1521 800 1573 388'.
801 1544 909 1574 —154
932 1542 1013 1574 Put.
1020 1540 1113 1583 flava
1093 1542 1222 1583 acapiti
1211 1546 1342 1574 ι.--155
1366 1543 1462 1575 Unus
1477 1543 1703 1575 Behotarma

234 1592 301 1625 pro
327 1586 441 1616 armat.
445 1586 553 1615 -156
574 1585 731 1626 Uterque
757 1584 884 1619 Behot
905 1588 1052 1618 artantur
1071 1585 1159 1624 tela‚·
1180 1585 1315 1618 Buslid.
1335 1590 1374 1617 et
1390 1586 1529 1618 venett.
1550 1588 1703 1627 aptantur

897 1659 1041 1715 NOTAE

237 1742 482 1777 Corinthiacis.
526 1744 630 1785 Dens]
652 1743 839 1777 Hercules.

279 1798 344 1828 148
369 1797 528 1838 Famaque
542 1797 688 1829 immanis
703 1798 823 1829 alumna
836 1797 943 1838 Dege-

234 1846 342 1887 κεναί]
382 1846 545 1879 Nicolaus
563 1847 725 1881 Heinsius
740 1848 827 1879 notis
843 1848 878 1879 iu
899 1849 943 1880 E·

234 1897 378 1939 pistolas
405 1907 448 1930 ex
470 1899 581 1930 Ponto
609 1898 729 1930 Ovidii
758 1898 942 1939 legendum

232 1954 353 1980 censet
368 1957 376 1978 :
391 1948 572 1990 famamque
582 1948 728 1980 immanis
740 1949 859 1980 alumni
873 1949 940 1981 De—

231 2002 378 2039 generat.
421 1999 554 2031 Statius
578 2000 669 2030 enim
695 2009 754 2031 111.
779 2000 875 2042 Sylv.
898 2000 941 2032 de

234 2049 392 2082 Hercule
426 2050 653 2082 Surrentino:
688 2050 699 2068 ‘
713 2050 803 2082 Nam
833 2051 942 2092 capit,

231 2104 269 2132 et
283 2103 417 2132 tantum
433 2109 499 2132 non
512 2100 741 2142 degenerabit
752 2101 941 2135 honorem.’

235 2150 429 2182 Columella
457 2150 516 2183 lib.
529 2160 598 2184 vn.
626 2161 705 2193 cap.
722 2154 776 2185 12.
800 2153 810 2171 ⁶
823 2153 940 2186 Venus

231 2202 261 2234 si
277 2202 405 2234 teneris
420 2202 638 2244 conceditur,
659 2204 774 2246 carpit
797 2208 837 2236 et
864 2214 941 2237 cor·

233 2262 299 2294 pus
327 2258 363 2284 et
387 2253 489 2291 vires,
513 2254 710 2296 animosque
726 2254 941 2296 degenerat!

230 2303 240 2320 ⁴
255 2303 480 2345 Degenerare
496 2304 645 2346 nomen,’
666 2305 883 2347 Capitolinus
906 2306 942 2338 in

235 2353 358 2397 Opilio
373 2355 544 2387 Macrino.

278 2408 342 2437 149
366 2406 476 2447 Neque
487 2407 607 2438 addunt
623 2406 732 2438 Robur
742 2407 830 2450 opes]
848 2407 940 2439 Scri·

234 2455 287 2488 bit
302 2456 484 2488 Barclaius
499 2456 563 2488 sibi
575 2457 684 2497 magis
704 2467 724 2490 e
740 2462 856 2489 mente
871 2458 940 2490 Pa-

233 2507 320 2548 pinii
337 2506 461 2547 videri,
485 2516 584 2548 neque
604 2508 696 2539 addit
713 2508 823 2540 Robur
847 2519 941 2550 open,-

233 2561 273 2589 ut
288 2566 407 2588 sensus
424 2557 480 2598 sit,
505 2558 606 2598 longo
623 2558 793 2600 squalore,
807 2562 844 2591 et
855 2563 940 2591 tem·

233 2608 328 2648 poris
355 2611 471 2639 tractu
505 2608 648 2639 evanuit
681 2608 941 2650 Tirynthiorum

234 2655 387 2698 fortuna,
422 2666 535 2700 neque
558 2658 628 2689 illis
654 2658 761 2691 robur
783 2659 826 2692 ad
851 2669 943 2692 com·

235 2707 409 2749 parandas
435 2717 519 2750 opes
538 2712 575 2740 et
598 2708 740 2742 divitias
761 2710 942 2754 quicquam

236 2756 393 2799 prodest.

1044 1748 1112 1779 151>
1133 1747 1303 1788 Cyclopum
1331 1747 1442 1779 duem
1460 1746 1627 1779 sudor-ibus
1649 1757 1702 1778 ar-

996 1796 1062 1838 ces]
1085 1797 1249 1838 Virgilius
1276 1796 1412 1829 AEneid.
1428 1806 1486 1829 111.
1507 1798 1518 1815 ‘
1533 1797 1622 1829 Pam
1637 1796 1699 1831 du-

997 1858 1078 1880 cere
1093 1847 1233 1880 muros!
1276 1847 1319 1879 Id
1334 1853 1401 1888 est,
1423 1846 1608 1880 adificare.
1652 1847 1701 1880 Et

996 1898 1109 1939 tangit
1133 1897 1169 1930 id
1195 1897 1286 1940 quod
1314 1906 1419 1938 supra
1445 1897 1605 1939 diximus,
1632 1897 1700 1939 Cy-

996 1949 1113 1989 clopes
1129 1948 1326 1980 condidisse
1339 1948 1519 1989 Tiryntha.

1038 2002 1101 2032 153
1125 2000 1330 2031 Innumeram
1345 1998 1439 2040 bello]
1463 1998 1504 2031 Id
1525 2003 1592 2040 est,
1608 2000 1700 2042 qnod

995 2052 1105 2084 instar
1119 2055 1212 2082 esset
1226 2049 1456 2083 multitudinis
1477 2049 1513 2082 in
1527 2049 1632 2092 bello,
1655 2050 1699 2083 cb

995 2102 1236 2136 fortitudinem
1251 2106 1286 2133 et
1302 2101 1480 2134 virtutem.

1038 2155 1103 2186 154
1118 2152 1237 2194 Triste]
1261 2152 1352 2186 Quia
1366 2152 1410 2184 ad
1426 2161 1522 2184 usum
1535 2151 1618 2184 belli
1632 2161 1701 2184 cie·

994 2204 1118 2247 disque
1134 2203 1330 2236 conflantur
1345 2204 1457 2235 enses.

1040 2258 1103 2288 166
1125 2253 1246 2295 Stipes]
1262 2253 1382 2286 Clava.
1409 2253 1701 2294 Inexlnaustt'spha·

994 2305 1105 2346 retr-is]
1118 2305 1160 2337 Id
1175 2309 1242 2344 est,
1256 2304 1308 2336 ita
1323 2308 1398 2336 erat
1414 2304 1577 2345 pharetra
1591 2303 1700 2336 refer·

995 2361 1033 2388 ta
1046 2355 1196 2397 sagittis,
1220 2358 1258 2387 nt
1284 2354 1458 2388 exhauriri
1483 2362 1550 2386 uon
1567 2358 1696 2396 posset.

993 2406 1182 2448 Tirynthiie
1197 2409 1314 2437 autem
1325 2405 1411 2437 benc
1425 2405 1487 2437 dat
1501 2405 1615 2438 Poeta
1626 2413 1700 2438 eoo·

995 2456 1075 2488 dem
1102 2455 1239 2487 habitus
1270 2464 1436 2497 armaque
1460 2465 1503 2487 ac
1533 2455 1700 2495 Heu-‚1155

994 2515 1118 2548 nempe
1132 2506 1241 2547 pelles
1257 2505 1380 2545 leonis,
1392 2506 1508 2537 clavas
1525 2509 1561 2538 ct
1576 2506 1695 2547 phare.

995 2562 1080 2590 tras.
1136 2555 1240 2588 Unde
1275 2555 1489 2588 Tertulliano
1525 2555 1697 2588 Hercules

995 2609 1006 2626 ‘
1015 2606 1423 2650 scytalosagittipelliger
1433 2606 1446 2622 ³
1464 2605 1590 2637 dictus.

1039 2661 1103 2691 167
1128 2656 1264 2698 Paeana]
1295 2657 1415 2696 Paean,
1443 2655 1588 2697 muns
1617 2664 1699 2698 pro.

996 2709 1074 2751 prie
1102 2708 1138 2741 in
1161 2708 1324 2739 honorem
1350 2705 1536 2747 Apollinis,
1559 2706 1699 2740 abusive

994 2768 1077 2792 vero
1111 2757 1240 2791 ceteris
1276 2755 1352 2788 mi·
1379 2755 1491 2789 Paean
1523 2756 1698 2791 αἰδοίων.
