1820 3068
195 198 282 240 614
688 210 729 240 Ρ.
763 209 955 240 nemu
989 209 1156 240 s'rArn

196 304 256 346 Et
277 304 455 360 populis
475 318 594 346 mors
613 317 703 346 una
722 304 864 346 venit:
894 303 1002 358 riget
1020 303 1197 346 horrida
1216 307 1338 360 tergo
1367 318 1370 321 ·

196 372 343 423 Palla,
363 378 408 414 et
428 373 613 415 coerulei
634 371 819 414 redeunt
837 372 883 413 in
903 377 1082 428 pectore
1101 373 1222 415 nodi.

196 439 397 495 Atropos
415 441 512 490 hos,
535 445 666 495 atque
682 441 782 494 ipsa
801 446 938 482 novat
957 440 1229 496 Proserpina
1249 441 1409 483 cultus.

195 507 311 550 Tum
332 508 689 563 geminaquuatit
707 507 786 549 illa
805 520 989 550 manus:
1019 508 1116 550 haec
1136 509 1235 561 igne
1255 510 1396 562 rogali

1572 373 1655 416 110
1694 434 1698 435 γ

195 629 289 661 niune
299 641 309 661 .·
333 629 457 670 hispida
481 630 566 671 pulla
580 630 664 671 viget
678 629 743 669 ejus
755 631 857 668 dorso,
880 641 972 672 quom
994 630 1120 662 coerulei
1142 640 1261 670 angues
1273 631 1307 662 in
1320 631 1432 662 nodum
1446 631 1598 672 duplicem
1611 631 1654 664 li-

193 673 265 712 gati
279 677 408 704 nectunt
421 673 455 704 in
476 677 608 714 pectore.
646 673 793 714 Atropos,
807 677 837 705 et
853 674 923 715 ipsa
939 675 1130 715 Proserpina
1144 673 1199 705 hos
1214 676 1344 705 ornatus
1356 677 1518 706 renat-ant.
1560 675 1656 715 Mox,

193 716 249 747 illo
264 720 366 748 moret
378 716 484 748 ambas
494 726 604 748 mnus
610 727 623 755 ;
638 726 768 758 quarum
778 727 839 749 una
849 721 990 750 coruscat
995 718 1132 756 funerea
1137 717 1225 757 face,
1238 718 1338 749 aloem
1352 718 1422 748 civo
1435 726 1539 758 angue
1551 718 1653 751 a'e'rem

807 811 1044 824 eeeeeeeeeeee

193 878 358 911 busdam:
381 888 464 911 mors
477 882 548 911 atra
561 878 771 911 venia—110
796 879 947 920 pallaque
960 879 1141 920 coeruleique
1156 880 1284 912 redeunt
1301 879 1335 911 in
1355 883 1481 921 pectora
1501 881 1575 912 nodi
1595 890 1651 912 ve-

194 922 389 954 tustissimae
405 923 614 954 membranae
629 922 789 961 Bartliii3
811 923 902 953 unde
919 921 995 953 ille:
1019 922 1173 964 Pallaque
1193 924 1376 964 caeruleique
1396 924 1501 955 sedent
1523 923 1559 955 in
1582 923 1652 964 pec-

188 968 263 997 *ore
277 966 350 997 nodi
359 976 372 1004 ;
394 965 473 998 edd.
489 970 575 997 vett.
599 965 691 999 Palla
706 968 737 998 et
752 965 874 996 coerulei
887 966 1017 997 redeunt
1032 965 1066 996 in
1082 970 1207 1006 pectore
1220 966 1322 1004 noda-v
1336 967 1496 998 Petrens.
1513 973 1550 998 et
1565 967 1651 999 Exc.

195 1008 343 1041 Cantab.
366 1009 474 1049 Pollu,
489 1012 521 1040 et
535 1009 656 1040 coerulei
671 1011 799 1041 redeunt
814 1008 848 1039 in
863 1012 988 1049 pectora
1003 1008 1087 1041 nodi.
1131 1009 1256 1041 Behot.
1271 1014 1309 1041 et
1323 1009 1426 1041 codd.
1442 1009 1652 1042 Lindenbro-

194 1050 243 1090 gii
274 1052 400 1084 habent
429 1053 533 1084 etiam
560 1055 697 1093 pectora,
729 1050 818 1093 quod
846 1051 903 1083 ille
930 1051 1203 1093 reposuit.—-ll2
1235 1052 1245 1070 ‘
1269 1052 1395 1084 Melius
1422 1053 1652 1085 membranae:

199 1094 286 1126 Tunc
304 1095 468 1134 geminas;
491 1096 581 1126 inest
608 1095 697 1127 enim
714 1096 760 1134 τῷ
784 1095 870 1126 Tunc
894 1094 1111 1126 inobservata
1134 1095 1297 1127 hactenus
1322 1095 1513 1136 emphasis?
1533 1096 1653 1128 Barth.

195 1137 345 1175 Deinde.
368 1138 470 1179 quatit
487 1139 542 1169 illa
557 1148 665 1170 manus
679 1139 837 1170 Petrens.
853 1137 887 1169 in
904 1138 1069 1179 margine,
1093 1138 1247 1180 Lipsian.
1262 1139 1396 1170 Buslid.
1419 1140 1525 1180 Lang.
1549 1139 1652 1171 Laur.

195 1179 337 1213 Venett.
355 1184 386 1213 3.
403 1184 435 1213 4.
451 1182 549 1212 Rom.
566 1180 670 1214 Aldd.
687 1181 796 1214 Coliu.
812 1180 944 1222 Gryph.
965 1181 1067 1214 Basil.
1083 1181 1203 1214 Plant.
1218 1181 1364 1214 Gevart.
1378 1181 1604 1222 Lindenbrog.
1616 1187 1653 1214 et

194 1223 298 1256 Cruc.
318 1225 423 1265 quatit
443 1224 493 1256 ira
514 1234 623 1256 mamm
647 1235 734 1257 unus
759 1223 888 1256 Behot.
910 1234 997 1256 unus
1019 1224 1222 1264 Burmanni,
1242 1225 1378 1256 Taurin.
1404 1225 1491 1257 Exc.
1507 1224 1652 1257 Cantab-

195 1267 266 1298 alii.
310 1267 398 1299 Vide
420 1267 542 1300 Heius.
567 1267 599 1298 in
623 1267 770 1300 Advers.
799 1267 858 1298 lib.
887 1275 913 1298 1.
937 1277 1014 1307 cap.
1029 1271 1061 1298 5.
1087 1277 1120 1308 p.
1146 1270 1201 1300 63.
1223 1268 1327 1309 quotie
1349 1267 1423 1308 igne
1451 1277 1560 1300 monus
1583 1267 1651 1300 Pe-

194 1313 298 1341 treus.
316 1321 335 1342 a
349 1320 450 1342 manu
469 1320 520 1351 pr.
547 1311 651 1351 quatit
676 1311 726 1342 ira
750 1311 850 1342 minas
872 1311 960 1342 Exc.
985 1310 1130 1343 Cantab.
1156 1315 1205 1351 et,
1225 1320 1288 1352 pro
1311 1312 1404 1342 varia
1417 1311 1582 1350 lectione,
1595 1310 1653 1342 itta

193 1353 306 1384 minas.
333 1353 499 1385 Heinsius
515 1353 662 1386 Advers.
677 1355 700 1387 l.
717 1354 740 1385 l.
756 1353 859 1395 legit:
882 1355 984 1394 quatit
999 1354 1049 1385 ira
1063 1354 1196 1392 minox;
1216 1353 1373 1388 Jortinuo
1397 1358 1553 1387 nostras:
1576 1363 1652 1395 qw-

854 1440 996 1473 NOTAE

194 1504 368 1544 lerabilis;
391 1505 482 1537 unde
518 1506 726 1547 sitientibus,
763 1505 792 1537 si
823 1515 895 1537 eam

194 1556 247 1587 vel
262 1556 400 1588 minimo
415 1561 589 1588 momento
603 1556 726 1589 sedare
738 1565 807 1588 non
823 1565 897 1598 pos-

194 1607 278 1649 sint,
290 1608 392 1649 longa
406 1607 554 1641 videtur.

237 1661 300 1690 109
316 1659 406 1690 Mors
419 1659 497 1700 una]
519 1659 728 1700 Mortalitas,
743 1669 804 1691 seu
819 1669 896 1701 pes-

185 1709 342 1749 tilentia,
358 1720 434 1752 quae
450 1714 539 1743 totas
553 1714 674 1752 gentes
686 1710 789 1742 delet.
834 1710 897 1742 Ri-

191 1759 263 1800 get]
287 1760 298 1778 ‘
317 1760 467 1801 Rigere,'
502 1761 697 1793 induratum
717 1758 810 1801 esse,
841 1761 896 1792 vel

193 1815 362 1852 erectum,
389 1821 450 1843 seu
465 1816 701 1844 contractum:
726 1811 806 1853 quia
819 1820 896 1853 quae

193 1862 319 1903 rigent,
332 1862 485 1903 horrent,
501 1866 539 1894 et
552 1861 789 1894 indurescunt.

236 1915 299 1945 110
322 1912 434 1954 Palla]
464 1913 530 1944 Est
562 1912 716 1945 honestae
743 1911 896 1943 mulieris

191 1962 446 2003 vestimentum,
467 1963 534 1995 hoc
556 1966 626 2002 est,
650 1963 774 1995 tunica
797 1962 896 2004 palli-

192 2023 261 2045 um.
308 2014 444 2046 Coerulei
457 2013 546 2054 nodi]
569 2014 658 2045 Sunt
673 2013 813 2045 coerulei
836 2022 895 2045 an-

193 2075 276 2107 gues
292 2065 326 2097 in
344 2065 467 2098 nodum
484 2066 664 2107 implicati.
708 2065 767 2098 Sic
779 2065 896 2097 Helio-

193 2116 296 2149 dorus
323 2117 499 2150 Charicles
533 2122 666 2149 vestem
695 2117 896 2149 describens

193 2167 345 2208 AEthiop.
368 2177 426 2201 1¹1.
449 2169 460 2186 ‘
477 2168 630 2200 Duorum
657 2168 748 2199 enim
776 2167 894 2200 draco-

186 2229 274 2252 -nnm
299 2221 427 2253 caudas
451 2221 495 2253 ad
523 2226 654 2262 partem
683 2220 776 2253 dorsi
806 2219 896 2253 inter

190 2272 349 2313 scapulas
382 2272 630 2304 connectebat:
666 2281 769 2313 porro
804 2273 896 2304 colla

191 2322 256 2354 sub
282 2322 482 2354 mammillas
513 2323 734 2364 permutatim
771 2323 896 2364 produ-

191 2383 286 2415 cens,
300 2379 337 2405 et
363 2374 397 2404 in
422 2372 546 2404 nodum
571 2377 762 2404 tortuosum
785 2373 895 2415 impli-

192 2433 274 2455 cans
287 2436 295 2457 :
308 2425 424 2466 capita
439 2433 518 2455 vero
534 2423 623 2455 elabi
633 2433 652 2454 e
664 2423 754 2456 nodo
768 2424 893 2464 sinens,

192 2478 353 2516 tanquam
369 2474 595 2516 appendicem
623 2473 702 2505 nodi
727 2474 771 2506 ab
799 2479 894 2507 utro-

192 2533 260 2565 que
290 2524 397 2556 latere
422 2523 672 2566 suspenderat!
733 2525 894 2566 Redeunt]

193 2573 248 2607 Ad
261 2574 524 2615 duplicationem
542 2575 662 2608 retulit
678 2575 820 2608 alterius
835 2586 895 2608 no-

192 2624 239 2656 di.
263 2625 409 2656 Luctum.

236 2676 297 2706 111
321 2674 476 2714 Atropos]
510 2675 588 2706 Una
615 2685 658 2707 ex
688 2676 820 2716 Parcis,
845 2677 895 2708 sic

192 2725 300 2764 dicta,
317 2725 396 2766 quia
408 2722 617 2764 inflexibilis,
626 2725 695 2757 filia
706 2727 895 2768 Demogor-

186 2778 302 2819 -gonis,
325 2776 378 2808 vel
402 2776 506 2808 Erebi
526 2781 562 2809 et
584 2777 721 2811 Noctis.
767 2779 891 2821 Novae]

953 1505 994 1537 Id
1010 1510 1074 1545 est,
1089 1511 1246 1546 renovat,
1274 1506 1327 1537 vel
1343 1515 1447 1538 novas
1462 1505 1650 1538 retexendo

951 1555 1048 1589 facit.
1092 1556 1300 1598 Proserpina]
1322 1557 1409 1588 Filia
1423 1556 1520 1589 ,lovis
1535 1563 1572 1588 et
1586 1555 1651 1589 Ce-

952 1607 1048 1648 reris,
1063 1613 1098 1640 et
1115 1617 1200 1640 uxor
1214 1607 1373 1640 Plutonis
1387 1606 1582 1639 Inferorum
1597 1615 1650 1639 re·

952 1667 1015 1699 gis.

995 1711 1057 1741 112
1083 1708 1233 1740 Geminae
1254 1709 1379 1751 manns]
1399 1709 1449 1742 Ut
1473 1707 1599 1740 fratres
1613 1717 1651 1740 u-

953 1763 1073 1801 traque
1100 1768 1202 1791 manu
1232 1763 1393 1791 armaret.
1451 1758 1530 1800 Illo]
1565 1757 1652 1790 'risi-

950 1811 1074 1853 phone.
1119 1809 1311 1842 Gronovius
1347 1809 1390 1841 ad
1423 1809 1511 1841 hunc
1536 1809 1650 1840 locum

950 1863 1025 1894 haec
1040 1861 1089 1893 ait
1107 1871 1115 1893 :
1159 1861 1276 1892 Primo
1301 1860 1460 1893 meliores
1483 1859 1569 1892 Mss.
1588 1859 1650 1891 iro.

950 1912 1058 1946 Theb.
1074 1922 1142 1944 vn.
1177 1912 1307 1944 ‘Tenet
1323 1912 1357 1943 in
1369 1911 1514 1953 capulis,
1527 1911 1651 1943 hastis-

951 1975 1017 2007 que
1029 1967 1167 2006 parata's
1181 1964 1241 1996 Ira
1251 1962 1396 1995 manus!
1414 1963 1474 1994 lib.
1489 1971 1527 1994 x.
1543 1962 1553 1980 ⁸
1569 1962 1649 1994 Dis-

951 2017 1030 2049 tulit
1046 2016 1097 2048 ira
1110 2014 1256 2057 preces!
1300 2014 1503 2056 Propertius
1524 2021 1580 2045 nr.
1594 2015 1649 2045 22.

953 2069 963 2086 ‘
979 2068 1067 2100 Nam
1098 2069 1264 2108 quantum
1293 2064 1397 2103 ferro,
1422 2068 1554 2096 tantum
1578 2063 1651 2104 pie-

951 2122 1022 2149 tate
1033 2120 1190 2158 potentes
1204 2116 1353 2148 stamus,
1373 2114 1648 2147 Victrices-<tem-

948 2172 1048 2209 perat
1063 2168 1114 2200 ira
1130 2167 1270 2199 manus!
1314 2165 1355 2198 td
1368 2170 1435 2205 est,
1450 2165 1484 2197 in
1507 2163 1649 2196 victorin

946 2219 1007 2251 irae
1025 2223 1264 2260 temperamus.
1308 2216 1380 2248 Nos
1390 2214 1542 2257 quamvis
1554 2214 1649 2255 irati,

947 2274 1128 2312 postquam
1140 2269 1296 2308 vicimus,
1309 2265 1463 2298 manibus
1476 2270 1648 2307 tempera-

946 2330 1034 2352 mus.
1095 2320 1217 2361 Neque
1242 2327 1327 2360 opus
1354 2327 1431 2349 cum
1463 2317 1583 2358 Lipsio
1612 2323 1648 2348 et

947 2370 1145 2403 Passeratio
1155 2370 1222 2401 illa.
1269 2367 1403 2400 Deinde
1421 2367 1582 2409 repetitio
1592 2367 1650 2399 τοῧ

945 2431 1056 2454 manus
1083 2430 1150 2452 non
1179 2423 1232 2451 est
1261 2419 1376 2451 Statii.
1418 2418 1547 2458 Scripti
1570 2418 1646 2450 fere

947 2473 1070 2503 minant
1085 2471 1138 2503 vel
1153 2471 1270 2502 minax.
1308 2470 1423 2510 Lege:
1449 2468 1528 2500 Tum
1546 2469 1647 2507 gemi-

947 2532 1003 2554 nas
1017 2521 1117 2562 quatit
1139 2521 1190 2551 ira
1204 2521 1337 2551 vainans.
1384 2520 1461 2551 Non
1478 2529 1646 2551 concoxe-

949 2577 1026 2604 runt
1038 2570 1078 2602 τὸ
1087 2570 1230 2611 geminas
1242 2570 1314 2601 sine
1329 2569 1539 2601 substantivo
1553 2571 1646 2612 poni.

947 2623 996 2655 At
1009 2621 1092 2654 illud
1105 2620 1309 2661 intelligitur
1319 2630 1362 2652 ex
1378 2620 1530 2661 proximo
1543 2630 1647 2652 mem-

949 2673 1010 2706 bro
1025 2681 1145 2704 manue.
1178 2671 1234 2702 Sic
1250 2671 1435 2702 Horatius:
1460 2674 1469 2688 ‘
1481 2671 1566 2704 Quin
1578 2680 1646 2703 uon

948 2724 1124 2763 malarum,
1154 2731 1239 2764 quas
1276 2730 1370 2753 amor
1400 2730 1499 2754 curas
1528 2721 1646 2762 habet,

946 2775 1032 2808 Haec
1044 2775 1134 2806 inter
1146 2770 1388 2805 obliviscitur?
1417 2771 1520 2804 Silius
1532 2771 1592 2804 lib.
1602 2781 1648 2805 u.
