1820 3068
188 169 275 220 608

679 187 722 220 P.
755 187 946 219 PArlml
980 185 1147 218 STA‘rn

191 281 390 326 Callidus
412 284 620 337 ambages
640 286 683 324 te
702 286 1069 337 praemonstrante
1088 282 1281 325 resolvi:
1344 346 1348 347 ⁷

192 354 243 395 Si
263 352 414 394 dulces
435 352 587 402 furias,
605 356 652 392 et
670 351 956 393 lamentabile
973 351 1126 394 matris

194 421 473 464 Connubium
495 420 678 473 gavisus
698 419 804 471 inii;
834 423 1102 473 noctemque
1122 418 1358 463 nefandam

190 489 323 544 Saepe
343 488 439 539 tuli,
460 492 681 543 natosque
704 487 786 528 tibi
805 486 920 542 (scis
939 487 1057 541 ipsa)
1078 487 1261 542 paravi:

1587 490 1646 532 70

191 556 306 598 Mox
326 555 484 598 avidus
503 568 649 610 poenae
671 554 824 608 digitis
845 553 1123 596 caedentibus
1141 555 1253 596 ultro

192 678 226 709 di
242 677 390 717 Jugulum
405 676 520 717 trepidi
534 676 616 707 senis
625 687 635 707 .·
657 675 686 707 εἰ
699 676 796 707 solers
811 678 842 706 te
856 676 983 707 docente
997 676 1120 716 expedit·
1131 676 1303 715 aenigmata
1316 676 1450 708 medelis
1464 669 1649 719 Sphynjos‘:

190 722 218 751 si
245 724 339 760 grato
359 720 472 759 surore
497 719 643 750 contraxi
672 720 763 750 laetus
791 718 966 760 deflendum
988 728 1058 750 cum
1075 719 1230 758 genitrice
1250 719 1494 760 matrimonium,
1513 723 1545 752 et
1567 730 1649 762 κτρα

192 763 333 802 transegi
347 764 488 795 scelestas
503 765 618 800 noctes,
633 765 664 793 et
681 761 738 793 tibi
753 760 830 804 (scis
843 761 930 801 ipsa)
941 762 1037 800 genui
1042 761 1133 804 filios
1142 772 1154 793 .·
1176 762 1298 800 deinde,
1312 763 1342 794 si
1351 762 1465 803 digitis
1477 762 1649 794 recusanti-

188 806 245 838 bus
254 810 355 838 totum
370 816 417 837 me
431 805 502 837 dedi
516 806 661 836 sumendo
674 806 712 836 de
727 814 774 836 me
787 805 949 846 supplicio,
962 808 993 836 et
1003 804 1129 846 perdidi
1142 805 1244 837 oculos
1257 808 1381 849 repotia
1394 805 1515 845 infelici
1527 809 1628 839 matre
1637 815 1648 837 τ

800 899 918 911 eeeee

190 967 294 1000 quaro
316 957 533 997 patrem—68
555 953 596 986 Si
617 954 716 989 dulcis
731 954 843 993 suriae
858 954 1070 988 Eetion—,69
1087 954 1132 987 1„
1147 955 1269 988 eodem
1283 956 1424 988 codice:
1444 957 1573 996 gueint·
1585 955 1632 987 ὑπ’
1641 965 1654 993 ;
1723 970 1726 973 ·

920 898 1039 911 ‘OM

192 1001 252 1033 sed
271 1006 401 1031 rectum
417 1002 471 1030 est
485 997 567 1034 inii;
591 997 763 1029 contrabit
779 997 869 1029 euim
891 998 926 1029 in
951 1007 1052 1030 unam
1078 999 1216 1030 vocales
1231 999 1396 1041 geminas,
1411 1003 1451 1031 ut
1463 998 1652 1041 saepissime

844 1093 986 1127 NOTAE

192 1160 256 1193 hoe
282 1164 470 1192 monstrum
496 1158 589 1199 tulit,
609 1162 648 1191 ut
675 1167 714 1190 se
740 1158 784 1190 de
808 1167 892 1191 saxo

192 1221 349 1253 praeceps
362 1209 484 1252 egerit.
520 1208 611 1241 Vide
626 1208 893 1250 descriptionem

187 1262 330 1304 hujusce
353 1260 495 1292 monstri
523 1259 630 1291 Theb.
656 1268 699 1291 11.
745 1258 894 1292 Consule

192 1313 220 1345 si
250 1312 346 1344 lubet
375 1310 624 1353 Apollodorum
650 1309 815 1343 Bibliotb.
831 1309 892 1343 lib.

191 1371 248 1394 ιιι.
271 1361 445 1404 Hyginum
467 1361 501 1392 in
523 1359 650 1391 fabulis
673 1362 833 1401 cap-151.
857 1364 893 1392 et

187 1412 392 1445 Strabonem
416 1410 475 1443 lib.
491 1418 543 1442 nt.
564 1409 786 1451 Palaephatus
810 1419 894 1443 vero

118 1478 121 1482 ·
188 1463 274 1495 dicit
281 1462 476 1503 sphyngem
487 1459 591 1492 fuisse
602 1459 779 1493 mulierem
788 1470 893 1502 quan—

191 1513 283 1553 dam,
313 1521 388 1554 quae
419 1514 590 1551 occupato
619 1519 696 1542 cum
727 1509 893 1543 militibus

191 1563 363 1606 Sphyncio
391 1565 522 1599 monte,
558 1560 636 1592 binc
677 1560 894 1593 excursiones

189 1614 344 1647 faciebat
360 1613 393 1644 in
406 1621 525 1654 agrum
534 1612 742 1653 Thebanum,
755 1617 792 1644 et
807 1621 896 1654 prae·

191 1671 368 1697 tereuntes
391 1663 598 1696 occidebat:
628 1662 792 1704 OEdipum
817 1672 898 1695 vero

189 1716 283 1748 illam
321 1715 492 1756 intrepide
528 1714 686 1746 adortum
718 1713 896 1747 occidisse.

191 1767 281 1799 Vide
304 1765 463 1798 eundem.
507 1764 645 1807 Inique]
671 1764 761 1798 Quia
783 1770 895 1797 trans-

191 1823 314 1850 euntes
330 1816 525 1849 occidebat.

232 1871 278 1901 68
299 1865 585 1908 ›Si-dulcesfurias]
596 1867 727 1908 Furiae,
742 1866 797 1898 hic
813 1876 895 1909 pec-

191 1926 283 1959 cata,
308 1924 345 1953 et
358 1919 488 1962 flagitia
502 1918 710 1962 significant,
733 1923 771 1951 ut
786 1918 896 1953 infr-az

190 1971 399 2003 ‘Terrarum
428 1969 560 2012 furias‚’
594 1970 628 2002 id
660 1976 726 2011 est,
753 1969 896 2012 flagitia.

186 2022 261 2054 Vel
282 2026 384 2054 vocat
410 2021 618 2054 connubium
641 2020 773 2062 matris,
793 2023 898 2054 dulces

186 2072 308 2113 furios,
330 2072 411 2114 quia
433 2072 499 2104 hoc
530 2076 752 2104 contraxerat
785 2072 897 2104 Furiis

195 2124 288 2164 quasi
305 2122 482 2164 pronubis.
526 2122 661 2163 Dulces]
693 2122 750 2154 Ob
774 2131 899 2154 concu-

188 2173 317 2206 bitum.
359 2175 427 2206 Vel
446 2175 528 2217 quia
557 2175 621 2207 hoc
647 2174 898 2206 matrimonium

194 2228 272 2256 erat
286 2224 463 2265 praemium
480 2225 530 2256 sui
555 2225 693 2267 ingenii,
718 2224 900 2266 animique,

195 2274 240 2305 ob
257 2275 403 2306 occisam
420 2284 440 2306 a
461 2285 497 2306 se
513 2275 723 2317 Sphyugem.
768 2275 902 2318 Moeris]

195 2325 359 2365 Jocastae‚
375 2326 450 2357 aliis
466 2326 639 2368 Epicastae
653 2332 795 2360 vocatae.

237 2379 281 2408 69
305 2376 458 2418 Gavisa-e]
480 2377 570 2411 Quia
597 2378 662 2409 hoc
687 2377 902 2411 matrimonio

197 2426 454 2468 adipiscebatur
501 2437 641 2469 regnum
688 2428 899 2461 Thebanum.

198 2477 388 2518 Noctemque
407 2477 591 2520 nefandam]
630 2479 709 2511 Nox
738 2479 898 2511 concubi-

199 2532 270 2558 tum
284 2532 393 2567 sonat,
408 2533 446 2560 ut
467 2538 561 2570 saepe
584 2538 690 2570 penes
707 2529 868 2561 Plautum
885 2540 894 2561 ε

197 2580 206 2595 ·
220 2576 350 2608 Cadum
368 2578 437 2608 vini
449 2583 485 2610 et
501 2584 593 2610 tuam
609 2577 771 2612 noctem!

241 2629 284 2658 ⁷0
306 2626 411 2668 Soepe]
435 2629 535 2661 Quod
549 2634 653 2669 auget
668 2629 789 2662 scelus.
828 2629 898 2661 Na-

188 2680 306 2718 ‘tosque
320 2678 379 2709 tibi
394 2678 471 2719 (scis
486 2680 570 2719 ipsa)
581 2679 708 2720 paravi]
731 2679 898 2712 Pausani-

196 2737 238 2760 as
248 2729 414 2760 Boeoticis
432 2729 537 2761 tradit
553 2729 714 2771 OEdipum
727 2730 836 2764 nullos
855 2739 897 2762 ex

945 1157 1093 1191 Joeasta
1119 1167 1179 1191 seu
1203 1158 1368 1200 Epicasta
1394 1155 1596 1201 suscepisse
1610 1156 1652 1191 li-

948 1207 1064 1249 beros,
1104 1208 1239 1242 innixus
1270 1208 1468 1242 testimonio
1495 1207 1653 1247 Homeri,

947 1260 1006 1302 qui
1022 1259 1150 1302 Odyss.
1164 1263 1200 1294 B.
1215 1259 1336 1292 scribit
1344 1259 1534 1300 Joeastam,
1547 1267 1650 1300 qum

947 1316 1049 1344 vocat
1089 1311 1288 1353 Epicasten,
1321 1306 1476 1353 nupsisse
1511 1308 1650 1352 quidem

946 1360 1076 1402 OEdipo
1087 1359 1172 1403 filio,
1202 1360 1262 1393 sed
1287 1361 1404 1393 statim
1430 1369 1502 1393 rem
1527 1369 1549 1392 a
1569 1358 1651 1394 Diis

940 1411 1138 1458 ‘bominibus
1176 1409 1398 1454 patefactam.
1461 1409 1650 1452 Traditqne

947 1462 1067 1495 eodem
1103 1463 1179 1496 loco
1228 1463 1429 1504 Pausanias,
1472 1461 1650 1504 OEdipnm,

949 1523 1032 1557 quos
1059 1513 1179 1546 habuit
1208 1513 1348 1556 liberos,
1376 1524 1421 1546 ex
1449 1512 1650 1557 Eurygania

949 1563 1210 1606 Hyperpbantis
1230 1563 1298 1596 filia
1321 1564 1534 1606 suscepisset
1559 1562 1651 1605 qnod

952 1614 994 1655 is,
1009 1615 1065 1656 qui
1078 1614 1230 1647 carmina
1243 1613 1304 1646 illa
1318 1613 1486 1651 condidit,
1499 1622 1575 1659 quae
1590 1611 1649 1644 (Ε-

953 1665 1092 1706 dipodia
1109 1669 1286 1705 vocantur,
1307 1662 1474 1697 declarat.
1518 1662 1651 1703 onata}

951 1716 1054 1747 etiam
1071 1715 1324 1748 Plataeensibus
1347 1714 1482 1750 tristem
1500 1713 1652 1762 ..demisso

950 1768 1059 1808 vultu,
1108 1767 1154 1799 ob
1197 1766 1343 1803 filiorum
1380 1759 1653 1814 dimicationem,

948 1817 1060 1859 pinxit
1072 1817 1316 1859 Euryganiam.
1350 1817 1580 1862 Eurygeniam
1596 1825 1654 1848 vo-

949 1872 1007 1901 cat
1023 1867 1267 1911 Apollodorus.
1639 1907 1642 1911 ⁴

988 1922 1032 1952 ,τι
1059 1919 1140 1952 Mox
1152 1919 1264 1951 avidus
1276 1928 1383 1962 ¹‚mnas
1406 1915 1520 1963 digitis
1533 1917 1652 1955 caden-

949 1969 1035 2001 tibus
1057 1968 1267 2013 [cedentibus]
1281 1969 1366 2001 ultro
1381 1966 1529 2009 Incubui]
1550 1967 1654 2010 Legit

951 2020 1139 2053 cedentibus
1164 2029 1227 2062 per
1250 2030 1290 2061 oe,
1317 2017 1382 2052 hoc
1406 2023 1471 2061 est,
1494 2015 1653 2065 ferie-nli*

954 2072 1030 2112 bus,
1050 2071 1258 2105 Lactantius.
1286 2070 1355 2103 Sed
1370 2079 1447 2106 curn
1463 2066 1654 2109 cedentibus,

954 2133 1017 2164 per
1043 2133 1059 2154 e
1087 2122 1245 2164 simplex,
1269 2121 1421 2154 habeant
1446 2129 1563 2153 omnes
1577 2117 1652 2151 fere

954 2173 1103 2214 codices,
1117 2173 1256 2205 videtur
1277 2173 1327 2205 sic
1348 2171 1526 2213 scripsisse
1547 2168 1654 2211 Papi-

956 2224 1041 2264 uius,
1069 2228 1107 2256 et
1130 2222 1290 2256 habuisse
1311 2226 1399 2257 ante
1425 2220 1541 2253 oculos
1564 2217 1654 2255 ,illud

954 2274 1109 2314 Senecae,
1126 2283 1170 2304 ex
1193 2271 1390 2305 Thebaide:
1411 2271 1422 2289 ⁸
1439 2270 1563 2306 Haeret
1588 2269 1652 2302 eti·

956 2333 1091 2355 amnum
1107 2323 1188 2355 mihi
1203 2322 1268 2355 Ille
1284 2323 1415 2357 animus
1430 2322 1557 2363 haeret,
1577 2330 1654 2358 cum

956 2377 1170 2406 recusantem
1191 2382 1327 2405 manum
1350 2371 1516 2404 Pressere
1527 2371 1653 2407 vultus.

954 2422 1087 2460 Audias
1113 2434 1244 2464 verum,
1261 2423 1403 2466 OEdipe.
1447 2423 1658 2463 Minnsstu-

953 2474 1011 2506 isti
1025 2475 1151 2506 lumina
1163 2474 1327 2507 audacter
1349 2478 1420 2513 tua,
1442 2472 1553 2519 Quam
1564 2482 1652 2514 ιπε-

953 2526 1072 2557 stitisti
1087 2537 1095 2557 :
1113 2535 1204 2558 nunc
1223 2534 1358 2557 manum
1370 2523 1512 2556 cerebro
1526 2523 1652 2564 indue;

955 2575 1032 2608 Hac
1048 2581 1148 2617 parte
1165 2580 1310 2608 mortem
1334 2584 1475 2618 perage,
1498 2584 1565 2616 qua
1587 2584 1653 2608 coe·

954 2627 1038 2670 pisti
1050 2626 1160 2659 mori.'
1203 2626 1273 2659 Ubi
1296 2626 1306 2644 ‘
1317 2625 1536 2668 praestitisti:
1552 2625 1655 2667 signi-

952 2677 1047 2718 fleat,
1071 2677 1259 2718 tradidisti,
1274 2675 1449 2718 praebuisti
1469 2674 1653 2710 aderuen-

952 2729 1043 2762 dum.
