1820 3068
575 179 879 216 >THEBA1DOS
913 180 1007 213 Lm.
1039 180 1092 212 11.

1487 167 1573 210 767

113 281 314 338 Mortis,)
333 285 377 325 et
397 281 566 324 alterna
585 281 840 323 clauserunt
857 277 1026 321 lumina
1044 276 1217 318 dextra.

112 351 323 394 Protinus
342 348 459 391 idem
477 348 591 390 ultro
604 347 760 402 jaculo
778 357 1024 400 parmaque
1047 342 1290 385 Menoetem

112 418 394 461 Proterrebat
412 428 566 470 agens,
586 414 775 469 trepidis
795 412 984 465 vestigia
1004 416 1123 453 retro

1485 405 1573 448 645

113 485 330 527 Passibus
349 486 584 535 urgentem,
606 481 745 523 donec
766 479 929 522 defecit
949 478 1102 533 iniqua

114 552 288 607 Iaapsus
307 550 458 600 humo,
476 550 726 603 pariterque
745 559 903 589 manus
926 545 1163 587 distractus
1181 545 1226 586 in
1247 544 1405 586 ambas

116 611 241 669 Orat,
255 623 300 659 et
318 631 345 659 a
357 617 518 672 jugulo
539 616 754 658 nitentem
774 614 962 656 sustinet
979 613 1154 655 hastam
1172 626 1183 654 :

115 687 259 729 Parce
275 697 353 740 per
370 684 452 725 has
472 683 614 725 stellis
634 681 1003 724 interlabentibus
1023 680 1220 729 umbras,

114 754 206 797 Per
225 753 438 806 Superos»,
458 754 721 804 noctemque
738 753 886 791 tuam:
908 748 1002 790 sine
1022 747 1168 789 tristia
1186 745 1354 788 Thebis

1485 744 1575 786 650

116 819 317 863 Nuntius
334 822 438 860 acta
451 817 600 864 feram,
622 816 832 871 vulgique
856 827 935 870 per
956 827 1034 856 ora
1054 815 1261 868 paventis

117 886 347 929 Contemto
368 891 410 927 te
427 898 529 938 rege
551 897 705 926 canam
723 897 735 925 ε
767 883 835 925 sic
857 883 980 924 irrita
999 882 1131 923 nobis

116 953 228 996 Tela
247 951 424 1002 cadant,
443 951 640 1005 nullique
659 955 781 993 tuum
803 950 1074 1005 penetrabile
1094 949 1205 991 ferro

118 1021 304 1070 PectuS,
325 1023 371 1061 et
390 1019 564 1072 optanti
583 1018 726 1060 victor
742 1017 967 1059 reveharis
988 1016 1151 1058 amico.

119 1088 320 1130 Dixerat.
351 1118 354 1122 Δ
378 1085 462 1127 Ille
479 1085 590 1127 nihil
609 1084 781 1127 vultum
799 1088 1011 1135 mutatuS‚
1034 1083 1198 1125 Inanes

1493 1082 1580 1124 655

120 1210 219 1254 dmm)
232 1215 264 1244 et
278 1211 395 1244 munis
415 1209 558 1242 manibus
567 1208 629 1240 sibi
644 1209 822 1241 clauserunt
836 1208 947 1240 oculos.
992 1207 1123 1248 Insuper
1137 1217 1209 1239 mox
1222 1207 1287 1247 ipse
1304 1207 1427 1248 Tydeus
1441 1208 1579 1238 conster-

119 1255 214 1288 nabat
229 1254 338 1293 jaculo
362 1256 394 1286 et
414 1253 521 1294 clypeo
535 1252 716 1291 Menoetem,
729 1252 845 1292 pellens
867 1259 937 1282 eum
957 1251 1181 1282 accelerantem
1195 1254 1279 1282 retro
1295 1250 1435 1290 trepidos
1448 1250 1580 1288 gradus,

120 1297 356 1335 donecsuuente
369 1295 500 1334 vestigio
512 1304 570 1336 per
592 1295 745 1326 lubricam
767 1298 883 1325 terram
897 1294 1023 1332 cecidit,
1038 1296 1071 1324 et
1083 1293 1207 1334 pariter
1222 1293 1361 1324 extensis
1375 1292 1496 1323 duabus
1509 1301 1576 1322 mn-

120 1340 212 1372 nibus
223 1342 384 1381 precatur,
398 1347 505 1370 arcens
526 1347 546 1369 a
566 1341 697 1377 gutture
715 1338 840 1368 hastam
861 1335 1084 1367 imminentem.
1130 1335 1262 1375 Ignosce
1280 1344 1338 1375 per
1351 1335 1407 1366 hos
1421 1334 1579 1372 tenebras,

121 1381 204 1414 inter
217 1392 293 1423 qm
306 1382 409 1413 sideru
424 1380 582 1418 labuntur,
595 1384 626 1411 et
638 1389 696 1420 per
712 1380 809 1415 Deos,
823 1382 855 1410 et
868 1381 989 1409 noctem
1003 1381 1100 1409 tuam.
1132 1378 1262 1413 Patere,
1277 1377 1392 1409 Thebis
1401 1377 1579 1408 renuntiem

121 1428 262 1456 mutum
276 1423 483 1465 expeditionis
496 1423 630 1459 exitum,
644 1425 675 1453 et
691 1424 747 1453 tim
753 1421 846 1460 facta
860 1421 1007 1452 celebrem
1021 1423 1125 1462 spreto
1141 1430 1226 1461 rege,
1249 1430 1353 1451 corum
1364 1419 1451 1460 plebe
1465 1418 1582 1450 attoni·

122 1470 167 1498 ta.
209 1467 266 1499 Sic
278 1465 589 1507 mnajuculafluont
610 1475 627 1496 e
647 1464 766 1496 nostris
788 1463 940 1500 manibus,
955 1467 984 1494 et
998 1466 1107 1504 pectus
1128 1466 1217 1495 tuum
1231 1462 1327 1494 nullis
1340 1463 1384 1494 sit
1399 1463 1498 1493 armis
1510 1471 1582 1502 per-

122 1509 208 1542 oium
220 1513 254 1542 et
265 1519 358 1541 omns
371 1509 481 1541 redeas
494 1509 535 1540 ad
548 1507 694 1548 amicum,
709 1510 740 1538 te
753 1506 955 1548 impatienter
968 1509 1193 1547 expectantem.
1228 1506 1404 1546 Inquierat.
1444 1505 1504 1536 Ille
1519 1504 1582 1546 Ty·

726 1601 747 1613 0

948 1602 971 1613 ο

124 1671 231 1701 -644
254 1669 416 1703 Monetam
430 1668 549 1701 Burm.
564 1671 601 1700 et
617 1677 701 1699 unus
728 1667 961 1700 Bellon-645
990 1666 1201 1699 Proturbalmt
1229 1675 1325 1706 agens
1350 1666 1441 1706 conj.
1457 1663 1587 1698 Jortin.

126 1710 183 1743 Cf.
207 1711 315 1743 Theb.
333 1720 390 1743 111.
406 1713 461 1743 80.
481 1720 514 1742 v.
530 1713 607 1743 661.
629 1711 711 1744 AEn..
728 1719 779 1743 lx.
804 1713 878 1742 440.
897 1718 934 1742 x.
958 1713 1032 1741 801.
1053 1719 1122 1741 xn.
1139 1712 1215 1741 289.

1253 1711 1262 1726 ‘
1281 1709 1416 1740 Dixeris
1443 1708 1586 1739 Proeter-

124 1754 226 1790 rebat,
241 1757 279 1786 ut
291 1753 356 1785 alia
379 1753 473 1792 talia,
489 1754 666 1795 scripsisse
682 1753 866 1794 Papininm
881 1765 891 1791 ς
923 1752 984 1784 sed
1011 1752 1095 1784 illud
1113 1762 1182 1783 rem
1208 1751 1329 1783 melius
1345 1754 1587 1791 repraesentat,

127 1801 246 1838 estque
271 1795 443 1838 singulare
468 1797 530 1828 hac
564 1795 760 1837 potestate!
788 1796 1012 1827 Barth-655
1044 1795 1142 1827 Unus
1173 1795 1298 1827 Behot.
1325 1795 1413 1825 cultu
1437 1796 1586 1825 mutatus.

780 1888 924 1921 NOTAE

128 1966 196 1999 rius
206 1966 376 1999 sentiret:
399 1965 500 1998 unice
515 1965 605 1998 enim
621 1974 659 1998 se
682 1964 829 1998 invicem

132 2016 331 2057 diligebant.

170 2069 234 2098 643
267 2067 313 2098 Et
342 2067 466 2098 alterna
501 2066 679 2098 clauserunt
707 2065 828 2097 lumina

129 2115 257 2156 dextra]
280 2115 447 2148 Claudere
468 2116 584 2147 oculos
603 2118 827 2151 mortuorum,

131 2171 207 2199 erat
227 2165 373 2198 officium
387 2166 652 2209 propinquorum
675 2170 712 2198 et
732 2175 826 2197 caro·

133 2224 221 2247 rum.

174 2267 239 2298 644
265 2265 372 2306 Ultro]
393 2265 508 2298 Antea
529 2275 566 2298 se
591 2274 684 2307 aegre
712 2263 832 2297 defen—

135 2312 242 2346 debat
265 2314 414 2356 Tydeus,
443 2319 498 2347 tot
525 2315 831 2348 circumstantibus

133 2364 310 2405 hostibus;
346 2365 407 2397 sed
435 2374 540 2406 nunc,
566 2375 642 2398 cum
667 2366 832 2398 rariorem

134 2413 231 2451 videt
245 2414 392 2451 turbam,
408 2414 499 2455 ipsos
514 2415 716 2456 insequitur.

176 2465 242 2496 646
263 2463 393 2507 Iniqua]
416 2464 519 2499 Quod
533 2464 627 2497 illum
643 2464 767 2497 cadere
782 2464 831 2497 fe·

134 2519 241 2547 cerat.

177 2565 242 2597 647
256 2565 373 2597 Manus
386 2565 552 2598 distractus
565 2565 600 2597 in
614 2563 734 2606 ambas]
754 2565 833 2598 Dir-

151 2618 267 2656 mctm,
295 2614 353 2647 hic
390 2619 565 2656 extensus,
595 2625 655 2647 seu
682 2615 834 2648 extensis

139 2664 269 2697 duabus
283 2665 453 2706 manibus,
466 2670 506 2699 ut
517 2672 644 2699 oraret.

180 2716 246 2747 648
277 2715 456 2758 Nitentem]
485 2717 674 2750 Conantem
708 2715 836 2750 inferre

883 1967 1041 1996 mortem.

923 2016 987 2045 650
1011 2014 1203 2054 Noctemque
1218 2011 1320 2053 tuam]
1336 2013 1485 2044 Veteres
1508 2012 1588 2044 olim

881 2063 955 2095 dies
978 2063 1053 2095 illos
1071 2063 1193 2104 quibus
1222 2062 1394 2103 singulare
1417 2062 1588 2103 quoddam

882 2113 1043 2155 gaudium
1058 2116 1277 2154 receperant,
1291 2117 1351 2143 aut
1365 2113 1587 2144 memorabile

882 2164 964 2206 quid
991 2167 1183 2206 gesserant,
1209 2163 1219 2180 ‘
1236 2161 1335 2194 suos’
1352 2161 1588 2203 appellabant.

885 2215 983 2248 Idem
1021 2215 1065 2247 de
1102 2214 1262 2247 noctibus
1297 2213 1479 2246 dicendum
1522 2218 1588 2246 est.

885 2266 985 2298 Unde
1000 2266 1056 2298 hic
1071 2275 1136 2297 nox
1150 2268 1217 2302 tua,
1234 2274 1300 2307 qua
1315 2269 1383 2296 tam
1400 2268 1539 2296 strenue
1554 2269 1590 2296 te

883 2315 1035 2356 gessisti,
1048 2319 1168 2357 totque
1184 2315 1328 2356 egregia
1342 2313 1497 2346 facinora
1518 2313 1591 2344 edi·

885 2366 979 2406 disti,
994 2364 1182 2397 occidendo
1206 2365 1295 2396 solus
1322 2369 1376 2396 tot
1399 2364 1514 2394 hostes
1537 2372 1592 2393 ar·

884 2420 1006 2454 matos,
1029 2417 1103 2459 ipse
1140 2417 1335 2458 imparatus.
1391 2416 1450 2448 Sic
1487 2417 1497 2434 ⁴
1522 2425 1592 2450 nox

886 2467 1036 2500 Dorica¹
1060 2467 1152 2508 apud
1160 2466 1334 2498 Valerium
1352 2465 1515 2497 Flaccum
1530 2466 1592 2497 lib.

887 2526 930 2550 11.
956 2527 1026 2559 qna
1054 2516 1193 2548 tandem
1224 2517 1338 2547 Dores
1375 2525 1438 2547 seu
1471 2515 1592 2551 Graeci

886 2567 1022 2608 Trojam
1038 2569 1335 2608 expugnaverunt.

931 2619 995 2649 654
1016 2615 1143 2656 Amico]
1165 2615 1335 2656 Polynici.
1582 2648 1588 2652 ,

930 2670 994 2699 655
1017 2666 1078 2698 Ille
1087 2665 1169 2697 nihil
1181 2666 1301 2697 vultum
1314 2664 1467 2705 mutatam]
1490 2665 1591 2698 Quod

890 2716 1025 2758 signum
1041 2720 1117 2748 erat
1131 2715 1285 2757 Tydeum
1298 2715 1333 2747 in
1349 2714 1399 2747 ira
1412 2724 1452 2747 ac
1467 2724 1528 2747 suo
1542 2714 1593 2746 fu-
