1820 3068
234 239 323 282 754
739 249 783 281 P.
817 248 1010 281 PAPINH
1042 249 1211 281 sni-11

234 347 452 389 Inclinare
471 346 593 388 latus
610 344 776 387 :densi
796 344 863 386 sic
884 345 1058 398 agmine
1078 343 1200 387 facto

235 414 574 469 Quinquaginta
592 413 699 455 altis
716 412 956 455 funduntur
970 414 1013 455 in
1029 414 1181 455 ordine
1202 414 1358 468 portis.

238 483 392 525 Macte
412 482 570 534 animi*
583 481 715 524 tantis
735 480 894 534 dignus
915 481 997 535 qui
1016 481 1208 523 crederis
1238 482 1386 525 armis.
1617 483 1705 526 495

238 550 345 593 Fert
365 551 439 592 via
460 562 541 604 per
559 549 718 590 dumos
738 549 933 604 propior,
956 562 1046 603 qua
1066 550 1179 591 calle
1198 549 1353 592 latenti

235 619 552 670 Praecelerant‚
572 618 813 672 densaeque
831 618 982 671 legunt
1001 618 1265 672 compendia
1284 619 1443 673 sylvae.

236 687 377 729 Lecta
396 687 517 729 dolis
539 686 696 728 sedes:
729 686 891 739 gemini
908 686 1066 740 procul
1087 686 1194 727 urbe
1213 686 1416 740 malignis

237 754 469 796 Faucibus
490 757 697 807 urgentur
718 753 870 805 colles,
892 767 1004 809 quos
1023 754 1184 796 umbra
1202 755 1386 808 superni

237 822 426 873 Montis,
447 827 491 864 et
510 822 705 864 incurvis
726 822 943 864 claudunt
957 823 1069 877 juga
1088 822 1276 865 frondea
1294 823 1456 878 sylvis:
1617 822 1703 864 500

237 890 437 933 Insidias
456 894 613 932 natura
634 891 748 940 loco,
769 904 1023 945 caecamque
1044 891 1215 933 latendi

237 958 411 1000 Struxit
430 971 585 1012 opem:
616 958 790 999 medias
811 963 932 1000 arcte
950 963 1076 1000 secat
1094 971 1251 1012 aspera
1270 971 1407 1013 rupes

239 1027 422 1076 Semsta,
443 1038 579 1080 quam
601 1026 754 1067 subter
772 1026 937 1079 campi,
957 1025 1224 1080 devexaque
1241 1025 1347 1067 latis

236 1092 360 1135 Arva
374 1093 527 1147 jacent
545 1092 728 1147 spatiis:
759 1097 915 1134 contra
931 1093 1183 1147 importuna
1202 1092 1386 1147 crepido

237 1160 575 1216 OEdipodioniae
597 1160 756 1202 domus
778 1160 923 1202 alitis:
955 1160 1027 1202 hic
1046 1160 1142 1202 fera
1161 1160 1387 1215 quondam
1617 1161 1704 1203 505

236 1229 468 1270 Pallentes
484 1231 639 1271 ,erecta
658 1241 810 1282 genas,
834 1227 1089 1283 suffusaque
1111 1229 1216 1270 tabo

237 1297 443 1347 Lumina,
466 1297 691 1338 concretis
712 1296 893 1337 infando
910 1296 1121 1350 sanguine
1142 1296 1305 1350 plumis

237 1364 478 1419 Reliquias
496 1364 709 1419 amplexa
731 1364 891 1415 virum,
913 1376 1178 1417 semesaque
1194 1363 1322 1405 nudis

233 1493 387 1526 machinis
400 1495 500 1526 altum
513 1504 636 1526 murum
649 1494 766 1535 oppidi.
810 1493 868 1525 Sic
881 1492 1108 1534 quinquaginta
1121 1493 1256 1543 conferti
1265 1494 1362 1532 sacto*
1370 1493 1508 1535 agmine,
1529 1493 1703 1526 instructa-

234 1547 292 1578 que
308 1537 389 1578 acie,
403 1538 495 1569 celsis
508 1537 610 1579 portis
624 1539 802 1578 eruniptmt.
847 1536 955 1568 Macte
973 1537 1086 1576 animi,
1108 1536 1162 1577 qui
1184 1537 1302 1576 dignus
1327 1537 1460 1569 censeris
1482 1541 1592 1569 contra
1612 1545 1703 1578 quent

234 1583 282 1613 tot
304 1584 479 1612 armentur.
523 1581 585 1612 Est
609 1580 672 1612 iter
695 1580 826 1621 propias
845 1588 903 1619 per
923 1589 1042 1619 cepres,
1065 1590 1124 1620 quo
1146 1580 1410 1619 antegrediuntur
1427 1580 1565 1622 Tydeum
1584 1579 1703 1611 occulto

234 1623 376 1662 tranuito,
389 1627 420 1655 et
436 1623 600 1664 trajiciunt
613 1623 666 1655 via
679 1623 818 1654 breviore
832 1622 964 1662 spissum
975 1631 1092 1654 nemus.
1135 1622 1239 1654 Locus
1252 1626 1372 1655 sumus
1386 1623 1548 1655 struendis
1561 1622 1703 1654 insidiis.

233 1667 308 1698 Duo
331 1667 424 1698 colles
447 1667 554 1698 dissiti
578 1665 618 1697 ab
641 1665 728 1706 urbe,
748 1668 949 1697 coarctantur
962 1665 1100 1696 obscuris
1113 1665 1284 1705 angustiis,
1304 1675 1380 1707 quos
1392 1675 1479 1697 mons
1499 1665 1641 1706 superior
1653 1664 1703 1696 in·

233 1710 371 1748 umbrat,
394 1713 425 1741 et
446 1719 519 1750 quos
531 1709 665 1748 cingunt
680 1718 803 1739 ramosa
816 1707 976 1739 cacumina
989 1707 1190 1740 inem-vorum
1203 1718 1373 1740 nemorum.
1418 1708 1516 1740 Hanc
1530 1709 1633 1740 nedem
1646 1716 1704 1739 ινι-

235 1756 311 1784 tura
323 1752 408 1791 fecit
432 1755 540 1793 aptam
564 1752 751 1784 collocandis
776 1750 914 1791 insidiis,
935 1753 967 1782 et
991 1751 1083 1782 coecis
1106 1751 1248 1782 latebris.
1291 1750 1473 1784 salebram
1486 1750 1575 1782 callis
1587 1749 1703 1782 scindit

234 1799 367 1844 anguste
382 1795 498 1827 medios
511 1795 661 1835 scopulos,
683 1793 771 1833 infra
792 1803 882 1834 quem
896 1793 969 1832 agn·
991 1797 1022 1824 et
1045 1793 1183 1832 subjecta
1198 1793 1320 1833 jugera
1338 1804 1431 1835 quam
1444 1794 1579 1835 spatiose
1592 1802 1704 1834 expor-

233 1847 252 1868 r
255 1838 398 1877 iguntur.
443 1838 507 1869 Est
521 1848 537 1869 e
551 1838 681 1878 regione
693 1837 799 1874 ferale
810 1845 933 1871 sarum,
956 1837 1036 1876 quod
1048 1836 1207 1868 insederat
1221 1838 1289 1868 avis
1303 1837 1342 1868 ab
1360 1837 1476 1878 OEdipo
1491 1837 1587 1868 victa.
1631 1835 1708 1867 Illic

235 1881 310 1911 olim
334 1881 401 1912 hoec
427 1880 527 1912 bestia
549 1880 714 1912 attollebat
737 1879 875 1920 pallidas
895 1883 1007 1918 genas,
1030 1882 1060 1910 et
1080 1880 1182 1911 oculos
1195 1879 1285 1911 sanie
1298 1889 1486 1921 conspersos,
1505 1883 1539 1911 et
1550 1877 1706 1911 anabieboet

231 1923 342 1964 pennis
353 1923 578 1964 conglutinatis
591 1932 699 1955 cruore
713 1922 835 1962 nefario
849 1922 998 1962 reliquias
1008 1921 1176 1963 hominum,
1198 1925 1230 1954 et
1253 1923 1359 1964 pluma
1372 1923 1490 1954 nudato
1501 1925 1625 1964 pectore
1637 1920 1702 1952 cal·

853 2016 1095 2030 “OOOOOomO

233 2082 354 2115 crebris
367 2082 554 2114 arietatibus
567 2082 775 2115 orbim—496
800 2082 872 2119 Qua
884 2083 939 2114 via
951 2091 1008 2123 per
1023 2083 1132 2114 dumos
1157 2081 1286 2123 propior
1303 2081 1389 2122 fert,
1408 2082 1487 2113 calle
1507 2081 1633 2121 latenti,
1647 2083 1702 2122 asc.

236 2127 376 2175 optimae
392 2126 525 2157 Barthii
540 2125 772 2158 membranae·
795 2135 854 2168 quo
869 2126 946 2157 calle
962 2135 1047 2156 unus
1065 2124 1189 2157 Behot.
1227 2125 1294 2156 Per
1308 2126 1416 2156 dumos
1424 2124 1553 2166 propior
1566 2123 1705 2165 quasert

236 2170 289 2201 via
317 2169 394 2200 calle
420 2169 534 2200 latenti
555 2168 697 2200 Taurin.
700 2171 807 2200 —505
834 2168 1089 2209 OEdipodionidae
1116 2168 1209 2199 Dan.
1228 2167 1467 2199 Behott.1.2.
1497 2166 1636 2198 Taurin-
1663 2171 1702 2198 et

236 2212 358 2243 Burm.
361 2214 468 2243 —506
491 2211 677 2262 Squalentes
702 2221 788 2243 unus
812 2212 923 2243 codex
940 2211 1101 2249 Heinsii3
1126 2211 1286 2242 Pallentes
1298 2213 1404 2251 erepta
1429 2219 1516 2241 unus
1531 2209 1659 2241 Behot.
1660 2225 1704 2232 —

237 2257 302 2286 509
325 2254 485 2286 Jortinus
501 2255 590 2296 conj.
604 2255 735 2295 visitque
746 2257 926 2292 trementes,
951 2254 1004 2285 vel
1021 2255 1204 2290 tremendo;
1225 2253 1382 2293 eiusdem
1398 2252 1550 2284 amicus:
1574 2251 1703 2292 visuque

229 2297 424 2337 frequentes,
441 2298 495 2329 vel
510 2298 695 2338 frequenti5
717 2297 857 2329 Tauriu.
870 2297 987 2336 habet,
1002 2299 1191 2334 trementes,-
1215 2296 1306 2327 Dan.
1323 2296 1403 2327 Put.
1426 2299 1464 2327 et
1488 2295 1614 2327 Petav.
1631 2294 1707 2332 sre-

237 2340 355 2378 menli;
372 2346 518 2383 uterque
534 2341 657 2373 Behot.
672 2341 778 2381 Lang-
792 2340 894 2372 Laur.
907 2339 1061 2380 Lipsian.
1076 2339 1207 2371 Buslid.
1219 2338 1340 2370 Burm.
1356 2337 1508 2370 alileam
1522 2337 1602 2370 edd.
1617 2341 1704 2370 vett.

905 2436 1048 2469 NOTAE

280 2503 346 2532 498
370 2499 542 2541 Malignis]
571 2499 753 2541 Obscuris,
780 2501 946 2542 angustis.
1001 2505 1104 2533 vocat
1129 2501 1270 2533 ‘alitem
1290 2499 1590 2543 OEdipodioniam:
1610 2501 1703 2545 qnod

240 2552 407 2593 Virgilius
422 2550 499 2582 AEn.
515 2561 565 2584 vr.
587 2552 597 2569 ‘
610 2552 724 2586 Quale
751 2561 813 2593 per
838 2553 947 2584 incer·
1002 2551 1094 2583 victa
1116 2550 1185 2583 fuit
1208 2551 1252 2584 ab
1268 2550 1406 2592 OEdipo.
1450 2551 1539 2583 Vide
1555 2551 1663 2584 Theb.
1675 2560 1702 2584 ι.

239 2607 311 2634 tam
328 2603 440 2634 lunam
457 2603 519 2635 sub
535 2603 613 2634 luce
637 2602 786 2644 maligna
801 2602 865 2635 Est
880 2603 947 2635 iter
999 2603 1056 2633 66.

240 2653 276 2684 in
287 2651 419 2694 sylvis!
1042 2652 1106 2682 50⁷
1130 2649 1269 2689 Infando
1296 2650 1464 2692 smus-tine]
1493 2650 1701 2683 Miserarum

284 2707 349 2735 504
373 2705 492 2736 Contra
515 2704 695 2745 importuna
711 2705 834 2746 crepido
852 2705 948 2737 OEdi·
1001 2703 1134 2735 scilicet
1149 2703 1333 2744 viatorum,
1346 2711 1430 2745 quos
1445 2701 1632 2735 crudeliter
1646 2703 1700 2734 di-

238 2755 396 2796 podionioe
413 2756 523 2786 domus
543 2754 647 2796 alitis]
670 2755 872 2797 Descriptio
895 2764 948 2787 se·
1002 2753 1191 2786 lacerabat.

241 2805 294 2838 dis
310 2804 466 2846 Sphingis
483 2810 520 2837 et
534 2805 696 2847 Sphingis
712 2805 832 2847 ipsius,
847 2815 947 2848 quam
1043 2807 1110 2837 608
1134 2803 1238 2836 Nudi-e
1255 2802 1453 2845 Pectoribus]
1477 2801 1521 2835 Id
1547 2807 1616 2844 est,
1630 2802 1704 2845 plu-
