1820 3068
253 252 374 295 >1028

256 360 350 402 Seu
366 359 636 414 Tyrrhenam
655 359 870 414 hyemem,
890 372 969 401 seu
991 364 1148 413 stagna
1171 359 1330 414 AEgaea
1343 359 1588 412 lacessunt,

762 263 801 293 P.
836 262 1031 294 PAPINII
1063 262 1229 294 STATu

1664 359 1724 402 20

257 427 519 481 Tranquillo
538 426 663 481 prius
685 439 806 468 arma
821 427 944 477 lacu,
966 427 1245 482 clavumque,
1265 427 1480 481 levesque

256 493 504 548 Explorant
523 506 686 544 remOS,
707 497 839 547 atque
860 494 964 548 ipsa
983 494 1180 548 pericula
1198 494 1398 537 diseunt:

257 561 321 603 At
339 575 443 603 cum
462 567 646 616 experta
666 562 840 612 cohors,
854 566 946 604 tum
965 567 1152 616 pontum
1170 562 1408 616 irrumpere
1422 562 1548 606 fretae
1569 589 1573 595 ι

258 629 473 683 Longius,
493 634 759 684 ereptasque
778 630 925 672 oculis
944 644 1035 672 non
1054 644 1250 685 quaerere
1268 635 1418 673 terras.

258 696 392 739 Clara
409 697 669 739 laboriferos
691 698 807 740 coelo
829 698 1044 741 Tithonia
1064 711 1218 740 currus

1665 699 1724 742 25

257 764 508 816 Extulerat,
530 766 780 820 vigilesque
802 766 915 808 Deae
935 767 1147 820 pallentis
1162 767 1362 809 habenas

257 833 318 874 Et
338 846 446 884 nox,
465 838 511 875 et
531 827 670 875 cornu
686 834 887 887 fugiebat
909 834 1104 876 Somnus
1122 834 1255 876 inani.

256 901 287 942 J
291 914 362 942 am
383 901 593 955 plangore
614 901 716 951 viae,
736 902 899 954 gemitu
914 901 1011 956 jam
1031 902 1151 956 regia
1170 902 1311 955 mugit

257 967 472 1009 Flebilis:
501 973 717 1022 acceptos
737 969 869 1021 longe
890 982 1067 1010 nemora
1083 970 1187 1011 avia
1205 969 1420 1023 frangunt,

257 1035 654 1091 Multiplicantque
675 1049 837 1078 sonos:
869 1037 1002 1079 sedet
1021 1038 1122 1091 ipse
1143 1042 1312 1079 exutus
1332 1030 1501 1078 honoro

1663 1038 1723 1080 30

258 1159 374 1198 maria,
395 1169 450 1191 seu
472 1163 638 1200 provocent
655 1159 847 1201 Tyrrhenam
862 1163 1088 1201 tempestatem,
1109 1170 1164 1192 seu
1186 1161 1317 1202 pelag-us
1338 1160 1497 1200 AEgaeum,
1517 1159 1724 1201 experiuntur

256 1205 349 1233 antea
375 1202 409 1232 in
427 1203 543 1243 quietis
565 1202 656 1243 aquis
679 1207 883 1239 armamenta,
907 1203 1162 1243 gubernaculum,
1184 1214 1220 1235 ac
1236 1204 1316 1235 leves
1329 1206 1449 1243 tonsas,
1471 1206 1502 1234 et
1516 1203 1641 1234 discunt
1655 1203 1725 1244 ipsa

256 1244 460 1276 discrimina.-
481 1249 516 1276 at
529 1256 598 1276 cum
612 1245 704 1276 turba
718 1246 905 1286 exploravit,
930 1250 1004 1278 tunc
1018 1246 1148 1288 confidit
1163 1247 1285 1286 longius
1298 1247 1466 1286 pervadere
1481 1246 1515 1276 in
1539 1256 1654 1287 oeqaor,
1668 1256 1723 1277 nec

257 1291 401 1327 quoerunt
417 1292 519 1319 terras
531 1288 654 1319 ablatas
667 1289 773 1320 oculis.
816 1288 939 1321 Lucida
954 1289 1080 1321 Aurora
1094 1290 1246 1321 eduxerat
1267 1288 1341 1320 coelo
1358 1298 1484 1320 currum
1497 1289 1618 1320 labores
1629 1289 1722 1320 redu-

255 1334 389 1368 centem,
403 1335 433 1361 et
448 1341 524 1371 nox,
550 1341 587 1362 ac
602 1330 735 1362 Somnus
749 1330 900 1362 exhausto
922 1342 1017 1363 cornu
1038 1331 1189 1371 fugiebat
1213 1332 1326 1372 vigiles
1337 1331 1461 1369 srwnos
1481 1331 1614 1364 albentis
1628 1332 1722 1364 Deae.

256 1372 334 1404 Jam
347 1373 408 1404 viae
423 1377 569 1405 resonant
587 1373 777 1415 planctibus,
790 1373 863 1413 jam
878 1376 964 1406 lactu
979 1374 1186 1407 lamentabilis
1198 1376 1301 1416 regia,
1315 1377 1347 1406 et
1359 1377 1486 1406 remoeae
1504 1375 1613 1415 procul
1624 1375 1722 1416 sylvoe

870 1458 988 1470 eeeeee

990 1458 1108 1471 ooooo

255 1524 415 1556 mim—20
439 1526 552 1565 AEgaea
562 1526 715 1557 lacessant
730 1525 918 1563 Bebottd.
931 1528 1053 1559 2.—22
1068 1525 1245 1566 Explorant
1258 1535 1360 1557 ramos
1376 1525 1549 1558 Dum—23
1565 1522 1722 1566 Uterque

256 1567 380 1599 Behot.
403 1571 626 1609 tuncpontum.
643 1569 735 1600 Dan.
752 1569 834 1600 Put.
853 1569 972 1600 Petav.
992 1569 1099 1609 Lang.
1115 1569 1219 1600 Lanr.
1243 1568 1378 1599 Buslid.
1406 1568 1558 1609 Lipsian.
1581 1572 1618 1600 et
1641 1567 1721 1602 edd.

254 1614 343 1641 vett.
357 1610 474 1649 freta5
496 1610 565 1643 duo
593 1611 783 1649 Barssriani,
797 1611 914 1650 fertem
943 1612 1092 1652 optimus
1108 1611 1263 1652 ejusdem
1277 1611 1370 1649 serat
1384 1619 1398 1648 ,⁴
1427 1610 1518 1642 unde
1546 1611 1723 1651 nannius,

245 1652 376 1691 favet,-
407 1653 546 1686 Behott.
577 1656 608 1685 1.
633 1657 665 1686 2.
696 1655 841 1685 Amstel.
865 1654 1018 1686 Gronov.
1043 1655 1162 1686 Barth.
1178 1654 1288 1686 Veen.
1315 1659 1352 1685 et
1378 1653 1508 1695 Delpb.
1523 1653 1720 1691 fram—25

255 1695 386 1727 Titania
402 1696 482 1728 Nic.
500 1696 666 1728 Heinsius
687 1697 730 1728 ad
747 1697 853 1728 Ovid.
869 1698 962 1728 Fast.
978 1707 1011 1737 p.
1027 1699 1189 1728 165.-2⁷
1212 1697 1308 1728 Unus
1326 1697 1446 1728 Behot.
1467 1697 1555 1728 Nam
1569 1706 1646 1736 nox,
1665 1698 1721 1738 ξε.

256 1738 409 1780 Optimae
424 1739 560 1772 Barthii
575 1740 801 1774 membranae:
822 1739 955 1772 Somnus
958 1740 1111 1779 fugiebat
1124 1739 1310 1772 inani.—-30
1326 1740 1335 1757 ‘
1345 1739 1473 1770 Errant
1483 1738 1563 1771 libri
1575 1744 1723 1781 veteres,

917 1819 1063 1853 NOTAE

299 1885 342 1916 20
368 1883 563 1925 Tyrrhenam
577 1885 730 1927 hyemem]
747 1884 787 1917 Id
803 1889 868 1927 est,
878 1886 966 1918 Tus·

256 1943 334 1966 cum
356 1944 416 1966 seu
432 1934 587 1967 Inferum
603 1946 696 1967 mare
712 1936 754 1967 ad
779 1936 963 1968 discrimen

258 1984 384 2026 Superi
406 1986 510 2017 maris
536 1996 594 2017 seu
612 1986 799 2019 Adriatici.
830 1987 964 2029 Tyrrhe-

258 2035 348 2078 nam]
362 2036 393 2068 A
405 2036 592 2077 Tyrrhenis
610 2037 728 2078 Lydiae
740 2030 891 2079 populis,
906 2038 964 2080 qui

253 2082 345 2117 hanc
360 2095 455 2117 oram
471 2084 582 2117 Itanae
599 2091 796 2120 tenuerunt.
832 2087 965 2119 Plinius

255 2141 358 2168 vocat
373 2136 439 2167 hoc
455 2147 550 2168 mare
570 2137 836 2170 ‘Liburnicum.’
865 2138 965 2170 Dicit

256 2187 413 2227 hyemem,
428 2186 517 2227 quod
535 2187 598 2218 hoc
614 2196 708 2218 mare
732 2187 863 2219 crebris
879 2193 964 2220 tem-

255 2235 452 2277 pestatibus
469 2236 657 2268 obnoxium
674 2237 740 2269 sit:
757 2238 864 2279 hyems
874 2239 962 2269 enim

255 2286 347 2317 sicut
373 2290 410 2319 et
429 2286 564 2319 Graecis
588 2286 706 2327 χείμων
730 2292 868 2329 tempus
884 2289 963 2320 anni

257 2341 294 2368 et
306 2337 495 2378 procellam
511 2338 616 2370 etiam
632 2337 819 2380 significat.
863 2339 962 2380 Stag-

254 2397 298 2419 na
313 2387 442 2428 AEgoea]
466 2388 617 2429 AEgaenm
631 2387 744 2421 Mare.

300 2439 341 2468 25
368 2434 532 2478 Tithonia]
561 2437 712 2478 Aurora,
741 2438 791 2470 sic
819 2438 915 2470 dicta
942 2449 962 2470 a

254 2487 403 2519 Tithono
425 2488 558 2519 marito.
604 2489 768 2520 Nicolaus
797 2489 961 2521 Heinsius

256 2536 292 2568 in
306 2537 398 2568 noti's
415 2537 448 2569 in
467 2537 587 2569 Ovidii
612 2539 707 2570 Fast.
723 2547 773 2571 lv.
789 2541 866 2571 941.
905 2539 963 2571 nbi

256 2588 364 2619 etiam
391 2586 527 2619 Aurora
557 2587 704 2620 Tithonia
731 2594 887 2630 vocatur,
913 2590 963 2621 sic

256 2639 486 2679 πατρονομικῶς
507 2639 595 2671 hanc
613 2645 708 2682 recte
726 2640 794 2672 dici
811 2650 877 2672 non
893 2642 964 2682 opi-

257 2694 372 2728 natur,
389 2694 578 2731 censetque
601 2689 656 2722 hic
679 2694 716 2721 et
739 2690 831 2732 apud
857 2691 962 2722 Stati-

257 2748 327 2778 um,
342 2743 379 2770 et
400 2739 572 2772 Valerium
597 2741 775 2782 Flaccum,
797 2741 963 2784 aliosque,

261 2787 390 2820 Titania
407 2790 641 2831 reponendum
656 2802 665 2823 :
693 2789 762 2823 fuit
781 2791 872 2823 enim
889 2791 962 2832 Hy-

1019 1885 1168 1928 perionis
1195 1885 1352 1918 Titanum
1385 1884 1484 1917 unius
1512 1883 1594 1924 filia,
1624 1892 1722 1916 soror

1018 1937 1153 1977 Phoebi,
1168 1942 1204 1969 et
1220 1938 1347 1970 Lunae:
1379 1936 1460 1969 hinc
1475 1940 1512 1968 et
1530 1936 1626 1968 Luna
1645 1934 1722 1976 pari

1017 1987 1120 2020 modo
1139 1987 1266 2020 Titania
1286 1991 1338 2018 est
1354 1986 1462 2018 dicta.

1805 977 1820 1347 ἔ

1771 1559 1820 1682 ,ε

1061 2041 1103 2069 26
1125 2038 1306 2079 Vigilesque
1321 2037 1403 2069 Deoe
1414 2036 1561 2078 pallantis
1572 2033 1722 2075 habenae]
1787 2066 1789 2070 Α

1018 2089 1165 2121 Currum
1187 2089 1278 2120 enim
1301 2088 1444 2119 Aurorae
1461 2086 1617 2119 tribuunt
1632 2084 1724 2118 Pois-

1018 2143 1077 2171 tae.
1127 2138 1264 2179 Vigiles]
1290 2138 1382 2172 Quia
1396 2141 1494 2169 ortus
1515 2136 1586 2168 diei
1600 2145 1721 2177 exper-
1787 2175 1791 2178 θ

1018 2190 1151 2232 gefacit
1166 2190 1338 2222 animalia.
1359 2187 1440 2221 Deae
1451 2186 1616 2229 pallentis]
1631 2186 1722 2220 Quia

1017 2245 1113 2272 ortus
1140 2240 1209 2271 diei
1237 2239 1393 2279 albescit,
1425 2242 1527 2270 vocat
1552 2237 1720 2269 Auroram

1019 2291 1132 2322 Deam
1150 2290 1348 2331 pallentem.
1363 2288 1470 2320 Theb.
1487 2297 1527 2320 11.
1549 2289 1560 2306 ⁴
1573 2287 1720 2320 Aurora

1017 2341 1172 2383 pallore.’

1059 2395 1101 2425 27
1126 2393 1171 2424 Et
1194 2401 1290 2424 corna
1298 2389 1447 2432 fugiebat
1463 2390 1596 2437 Somnus
1614 2388 1720 2430 inam]
1782 2399 1811 2435 ⁴¹}

1014 2442 1158 2474 Somnus
1195 2442 1265 2482 hic,
1304 2442 1400 2474 Deus
1434 2441 1555 2472 somni.
1608 2438 1720 2487 Inani]

1016 2493 1105 2526 Quia
1121 2503 1227 2525 cornu
1243 2489 1434 2524 effuderat:
1459 2490 1613 2532 pingitur
1627 2490 1719 2522 enim
1780 2491 1783 2494 '

1015 2544 1161 2575 Somnus
1178 2542 1342 2584 liquidum
1353 2550 1507 2573 somnum
1521 2550 1626 2582 super
1640 2539 1718 2572 dor·
1781 2571 1788 2581 ‚

1016 2592 1163 2624 inientes
1185 2589 1376 2624 effundens.

1060 2645 1103 2674 28
1124 2644 1201 2674 Jam
1224 2643 1377 2684 plangore
1398 2641 1472 2682 τίω]
1496 2641 1563 2672 Hie
1593 2639 1717 2681 incipit
1780 2634 1794 2657 Ὗ
1819 2675 1820 2680 ,

1018 2692 1218 2724 describere
1247 2690 1361 2725 Poeta
1396 2701 1554 2733 pompam
1591 2689 1718 2723 funeris

1019 2742 1235 2775 Archemori.

1060 2797 1102 2826 30
1124 2791 1212 2835 Ipse]
1237 2794 1413 2835 Lycurgus
1438 2791 1640 2826 Archemori
1657 2800 1717 2834 pa·
