<?xml version="1.0" encoding="UTF-8"?>
<!DOCTYPE html PUBLIC "-//W3C//DTD XHTML 1.0 Transitional//EN"
    "http://www.w3.org/TR/xhtml1/DTD/xhtml1-transitional.dtd">
<html xmlns="http://www.w3.org/1999/xhtml" xml:lang="en" lang="en">
 <head>
  <title>
</title>
<meta http-equiv="Content-Type" content="text/html;charset=utf-8" />
  <meta name='ocr-system' content='tesseract 3.04.00' />
  <meta name='ocr-capabilities' content='ocr_page ocr_carea ocr_par ocr_line ocrx_word'/>
</head>
<body>
  <div class='ocr_page' id='page_1' title='image "./operaomniaexedit02statuoft/operaomniaexedit02statuoft_0228.png"; bbox 0 0 1820 3068; ppageno 0'>
   <div class='ocr_carea' id='block_1_1' title="bbox 230 219 1201 267">
    <p class='ocr_par' dir='ltr' id='par_1_1' title="bbox 230 219 1201 267">
     <span class='ocr_line' id='line_1_1' title="bbox 230 219 1201 267; baseline 0.002 -3"><span class='ocrx_word' id='word_1_1' title='bbox 230 219 321 264; x_wconf 72' lang='lat'>812</span> <span class='ocrx_word' id='word_1_2' title='bbox 733 233 773 264; x_wconf 78' lang='lat' dir='ltr'>P.</span> <span class='ocrx_word' id='word_1_3' title='bbox 805 233 998 265; x_wconf 65' lang='lat' dir='ltr'>nemu</span> <span class='ocrx_word' id='word_1_4' title='bbox 1031 233 1201 267; x_wconf 71' lang='lat' dir='ltr'>s&#39;rA&#39;ru</span> 
     </span>
    </p>
   </div>
   <div class='ocr_carea' id='block_1_2' title="bbox 220 327 1690 1266">
    <p class='ocr_par' dir='ltr' id='par_1_2' title="bbox 227 327 1375 451">
     <span class='ocr_line' id='line_1_2' title="bbox 230 327 1375 383; baseline 0 -13"><span class='ocrx_word' id='word_1_5' title='bbox 230 327 405 371; x_wconf 88' lang='lat' dir='ltr'>Officii:</span> <span class='ocrx_word' id='word_1_6' title='bbox 431 327 566 383; x_wconf 83' lang='lat' dir='ltr'>juvat</span> <span class='ocrx_word' id='word_1_7' title='bbox 584 328 687 379; x_wconf 88' lang='lat' dir='ltr'>isse,</span> <span class='ocrx_word' id='word_1_8' title='bbox 701 327 852 383; x_wconf 88' lang='lat' dir='ltr'>juvat,</span> <span class='ocrx_word' id='word_1_9' title='bbox 871 328 1144 383; x_wconf 83' lang='lat' dir='ltr'><strong>Thebasque</strong></span> <span class='ocrx_word' id='word_1_10' title='bbox 1162 331 1375 371; x_wconf 78' lang='lat' dir='ltr'>nocentes</span> 
     </span>
     <span class='ocr_line' id='line_1_3' title="bbox 227 395 1317 451; baseline 0 -13"><span class='ocrx_word' id='word_1_11' title='bbox 227 396 503 451; x_wconf 80' lang='lat' dir='ltr'>Explorasse</span> <span class='ocrx_word' id='word_1_12' title='bbox 525 408 674 438; x_wconf 90' lang='lat' dir='ltr'>manu.</span> <span class='ocrx_word' id='word_1_13' title='bbox 726 395 853 437; x_wconf 92' lang='lat' dir='ltr'>Bello</span> <span class='ocrx_word' id='word_1_14' title='bbox 871 409 959 446; x_wconf 87' lang='lat' dir='ltr'>me,</span> <span class='ocrx_word' id='word_1_15' title='bbox 977 396 1160 447; x_wconf 84' lang='lat' dir='ltr'><strong>credite,</strong></span> <span class='ocrx_word' id='word_1_16' title='bbox 1179 396 1317 447; x_wconf 91' lang='lat' dir='ltr'>bello,</span> 
     </span>
    </p>

    <p class='ocr_par' dir='ltr' id='par_1_3' title="bbox 225 463 1510 584">
     <span class='ocr_line' id='line_1_4' title="bbox 226 463 1510 519; baseline 0.001 -14"><span class='ocrx_word' id='word_1_17' title='bbox 226 463 323 506; x_wconf 90' lang='lat' dir='ltr'>Ceu</span> <span class='ocrx_word' id='word_1_18' title='bbox 341 464 494 505; x_wconf 87' lang='lat' dir='ltr'>turrim</span> <span class='ocrx_word' id='word_1_19' title='bbox 513 463 724 514; x_wconf 86' lang='lat' dir='ltr'>validam,</span> <span class='ocrx_word' id='word_1_20' title='bbox 743 466 820 505; x_wconf 91' lang='lat' dir='ltr'>aut</span> <span class='ocrx_word' id='word_1_21' title='bbox 839 469 1008 506; x_wconf 87' lang='lat' dir='ltr'>arctam</span> <span class='ocrx_word' id='word_1_22' title='bbox 1029 464 1322 519; x_wconf 85' lang='lat' dir='ltr'><strong>compagibus</strong></span> <span class='ocrx_word' id='word_1_23' title='bbox 1341 464 1510 516; x_wconf 88' lang='lat' dir='ltr'>urbem,</span> 
     </span>
     <span class='ocr_line' id='line_1_5' title="bbox 225 530 1292 584; baseline 0 -11"><span class='ocrx_word' id='word_1_24' title='bbox 225 530 402 574; x_wconf 88' lang='lat' dir='ltr'>Delecti</span> <span class='ocrx_word' id='word_1_25' title='bbox 422 531 598 573; x_wconf 87' lang='lat' dir='ltr'>insidiis</span> <span class='ocrx_word' id='word_1_26' title='bbox 617 531 911 584; x_wconf 83' lang='lat' dir='ltr'>instructique</span> <span class='ocrx_word' id='word_1_27' title='bbox 930 531 1138 573; x_wconf 89' lang='lat' dir='ltr'>omnibus</span> <span class='ocrx_word' id='word_1_28' title='bbox 1158 532 1292 573; x_wconf 89' lang='lat' dir='ltr'>armis</span> 
     </span>
    </p>

    <p class='ocr_par' dir='ltr' id='par_1_4' title="bbox 220 598 1690 1197">
     <span class='ocr_line' id='line_1_6' title="bbox 227 598 1407 654; baseline 0 -13"><span class='ocrx_word' id='word_1_29' title='bbox 227 598 375 641; x_wconf 85' lang='lat' dir='ltr'>Nocte</span> <span class='ocrx_word' id='word_1_30' title='bbox 395 599 591 654; x_wconf 88' lang='lat' dir='ltr'>doloque</span> <span class='ocrx_word' id='word_1_31' title='bbox 613 599 694 640; x_wconf 87' lang='lat' dir='ltr'>viri</span> <span class='ocrx_word' id='word_1_32' title='bbox 708 598 874 640; x_wconf 92' lang='lat' dir='ltr'>nudum</span> <span class='ocrx_word' id='word_1_33' title='bbox 893 598 1186 653; x_wconf 89' lang='lat' dir='ltr'>ignarumque</span> <span class='ocrx_word' id='word_1_34' title='bbox 1205 599 1407 641; x_wconf 90' lang='lat' dir='ltr'>locorum</span> 
     </span>
     <span class='ocr_line' id='line_1_7' title="bbox 224 665 1414 721; baseline -0.002 -12"><span class='ocrx_word' id='word_1_35' title='bbox 224 666 546 721; x_wconf 89' lang='lat' dir='ltr'>Nequicquam</span> <span class='ocrx_word' id='word_1_36' title='bbox 569 667 794 708; x_wconf 83' lang='lat' dir='ltr'>clausere:</span> <span class='ocrx_word' id='word_1_37' title='bbox 818 665 971 720; x_wconf 88' lang='lat' dir='ltr'>jacent</span> <span class='ocrx_word' id='word_1_38' title='bbox 989 667 1032 708; x_wconf 91' lang='lat' dir='ltr'>in</span> <span class='ocrx_word' id='word_1_39' title='bbox 1054 667 1268 719; x_wconf 84' lang='lat' dir='ltr'>sanguine</span> <span class='ocrx_word' id='word_1_40' title='bbox 1285 665 1414 708; x_wconf 85' lang='lat' dir='ltr'>mixti</span> 
     </span>
     <span class='ocr_line' id='line_1_8' title="bbox 224 731 1690 789; baseline -0.001 -13"><span class='ocrx_word' id='word_1_41' title='bbox 224 733 341 776; x_wconf 87' lang='lat' dir='ltr'>Ante</span> <span class='ocrx_word' id='word_1_42' title='bbox 359 736 516 776; x_wconf 90' lang='lat' dir='ltr'>urbem</span> <span class='ocrx_word' id='word_1_43' title='bbox 535 747 738 778; x_wconf 86' lang='lat' dir='ltr'>vacuam.</span> <span class='ocrx_word' id='word_1_44' title='bbox 789 734 926 776; x_wconf 89' lang='lat' dir='ltr'>Nunc</span> <span class='ocrx_word' id='word_1_45' title='bbox 945 748 989 785; x_wconf 94' lang='lat' dir='ltr'>o,</span> <span class='ocrx_word' id='word_1_46' title='bbox 1009 748 1127 776; x_wconf 89' lang='lat' dir='ltr'>nunc</span> <span class='ocrx_word' id='word_1_47' title='bbox 1149 740 1322 789; x_wconf 84' lang='lat' dir='ltr'>tempus</span> <span class='ocrx_word' id='word_1_48' title='bbox 1339 734 1387 776; x_wconf 86' lang='lat' dir='ltr'>in</span> <span class='ocrx_word' id='word_1_49' title='bbox 1403 733 1574 784; x_wconf 87' lang='lat' dir='ltr'>hostes,</span> <span class='ocrx_word' id='word_1_50' title='bbox 1603 731 1690 776; x_wconf 81' lang='lat'>360</span> 
     </span>
     <span class='ocr_line' id='line_1_9' title="bbox 224 802 1575 858; baseline -0.001 -14"><span class='ocrx_word' id='word_1_51' title='bbox 224 802 345 844; x_wconf 85' lang='lat' dir='ltr'>Dum</span> <span class='ocrx_word' id='word_1_52' title='bbox 364 803 541 858; x_wconf 85' lang='lat' dir='ltr'>trepidi,</span> <span class='ocrx_word' id='word_1_53' title='bbox 562 815 902 857; x_wconf 83' lang='lat' dir='ltr'>exsanguesque</span> <span class='ocrx_word' id='word_1_54' title='bbox 921 806 1055 853; x_wconf 79' lang='lat' dir='ltr'>meta,</span> <span class='ocrx_word' id='word_1_55' title='bbox 1076 803 1177 845; x_wconf 89' lang='lat' dir='ltr'>dum</span> <span class='ocrx_word' id='word_1_56' title='bbox 1199 803 1352 844; x_wconf 90' lang='lat' dir='ltr'>funera</span> <span class='ocrx_word' id='word_1_57' title='bbox 1372 805 1575 856; x_wconf 84' lang='lat' dir='ltr'>portant:</span> 
     </span>
     <span class='ocr_line' id='line_1_10' title="bbox 223 869 1576 926; baseline -0.001 -14"><span class='ocrx_word' id='word_1_58' title='bbox 223 870 343 912; x_wconf 85' lang='lat' dir='ltr'>Dum</span> <span class='ocrx_word' id='word_1_59' title='bbox 363 871 529 926; x_wconf 92' lang='lat' dir='ltr'>capulo</span> <span class='ocrx_word' id='word_1_60' title='bbox 548 870 744 913; x_wconf 91' lang='lat' dir='ltr'>nondum</span> <span class='ocrx_word' id='word_1_61' title='bbox 763 882 924 911; x_wconf 89' lang='lat' dir='ltr'>manus</span> <span class='ocrx_word' id='word_1_62' title='bbox 944 870 1127 913; x_wconf 83' lang='lat' dir='ltr'>excidit.</span> <span class='ocrx_word' id='word_1_63' title='bbox 1196 869 1304 923; x_wconf 90' lang='lat' dir='ltr'>Ipse</span> <span class='ocrx_word' id='word_1_64' title='bbox 1323 881 1406 924; x_wconf 83' lang='lat' dir='ltr'>ego</span> <span class='ocrx_word' id='word_1_65' title='bbox 1426 870 1576 911; x_wconf 86' lang='lat' dir='ltr'>fessus</span> 
     </span>
     <span class='ocr_line' id='line_1_11' title="bbox 223 936 1359 993; baseline -0.001 -13"><span class='ocrx_word' id='word_1_66' title='bbox 223 936 560 993; x_wconf 86' lang='lat' dir='ltr'>Quinquaginta</span> <span class='ocrx_word' id='word_1_67' title='bbox 578 939 667 981; x_wconf 92' lang='lat' dir='ltr'>illis</span> <span class='ocrx_word' id='word_1_68' title='bbox 686 939 869 980; x_wconf 92' lang='lat' dir='ltr'>heroum</span> <span class='ocrx_word' id='word_1_69' title='bbox 889 938 1156 980; x_wconf 86' lang='lat' dir='ltr'>immanibus</span> <span class='ocrx_word' id='word_1_70' title='bbox 1176 937 1359 989; x_wconf 84' lang='lat' dir='ltr'>umbriS‚</span> 
     </span>
     <span class='ocr_line' id='line_1_12' title="bbox 220 1004 1343 1061; baseline -0.001 -14"><span class='ocrx_word' id='word_1_71' title='bbox 220 1004 511 1061; x_wconf 89' lang='lat' dir='ltr'>Vulneraque</span> <span class='ocrx_word' id='word_1_72' title='bbox 531 1007 623 1048; x_wconf 89' lang='lat' dir='ltr'>ista</span> <span class='ocrx_word' id='word_1_73' title='bbox 641 1007 785 1048; x_wconf 87' lang='lat' dir='ltr'>ferens</span> <span class='ocrx_word' id='word_1_74' title='bbox 805 1005 922 1060; x_wconf 87' lang='lat' dir='ltr'>putri</span> <span class='ocrx_word' id='word_1_75' title='bbox 942 1005 1156 1047; x_wconf 87' lang='lat' dir='ltr'>insiccata</span> <span class='ocrx_word' id='word_1_76' title='bbox 1175 1018 1343 1055; x_wconf 87' lang='lat' dir='ltr'>cruore,</span> 
     </span>
     <span class='ocr_line' id='line_1_13' title="bbox 220 1072 1347 1129; baseline 0 -14"><span class='ocrx_word' id='word_1_77' title='bbox 220 1073 434 1116; x_wconf 84' lang='lat' dir='ltr'>Protinus</span> <span class='ocrx_word' id='word_1_78' title='bbox 454 1075 518 1116; x_wconf 89' lang='lat' dir='ltr'>ire</span> <span class='ocrx_word' id='word_1_79' title='bbox 538 1079 658 1129; x_wconf 88' lang='lat' dir='ltr'>peto.</span> <span class='ocrx_word' id='word_1_80' title='bbox 708 1073 896 1128; x_wconf 88' lang='lat' dir='ltr'>Trepidi</span> <span class='ocrx_word' id='word_1_81' title='bbox 915 1072 972 1115; x_wconf 93' lang='lat' dir='ltr'>de</span> <span class='ocrx_word' id='word_1_82' title='bbox 994 1072 1177 1115; x_wconf 91' lang='lat' dir='ltr'>sedibus</span> <span class='ocrx_word' id='word_1_83' title='bbox 1197 1076 1347 1115; x_wconf 88' lang='lat' dir='ltr'>astant</span> 
     </span>
     <span class='ocr_line' id='line_1_14' title="bbox 221 1141 1326 1197; baseline 0 -14"><span class='ocrx_word' id='word_1_84' title='bbox 221 1142 477 1185; x_wconf 72' lang='lat' dir='ltr'>Inachidae:</span> <span class='ocrx_word' id='word_1_85' title='bbox 510 1143 770 1197; x_wconf 83' lang='lat' dir='ltr'>cunctisque</span> <span class='ocrx_word' id='word_1_86' title='bbox 790 1142 912 1197; x_wconf 88' lang='lat' dir='ltr'>prior</span> <span class='ocrx_word' id='word_1_87' title='bbox 929 1141 1172 1184; x_wconf 88' lang='lat' dir='ltr'>Cadmeius</span> <span class='ocrx_word' id='word_1_88' title='bbox 1191 1141 1326 1183; x_wconf 88' lang='lat' dir='ltr'>heros</span> 
     </span>
    </p>

    <p class='ocr_par' dir='ltr' id='par_1_5' title="bbox 220 1208 1268 1266">
     <span class='ocr_line' id='line_1_15' title="bbox 220 1208 1268 1266; baseline 0.001 -15"><span class='ocrx_word' id='word_1_89' title='bbox 220 1208 427 1254; x_wconf 80' lang='lat' dir='ltr'>Accurrit</span> <span class='ocrx_word' id='word_1_90' title='bbox 443 1212 614 1254; x_wconf 86' lang='lat' dir='ltr'>vultum</span> <span class='ocrx_word' id='word_1_91' title='bbox 631 1210 850 1266; x_wconf 90' lang='lat' dir='ltr'>dejectus,</span> <span class='ocrx_word' id='word_1_92' title='bbox 870 1214 928 1262; x_wconf 90' lang='lat' dir='ltr'>et,</span> <span class='ocrx_word' id='word_1_93' title='bbox 950 1210 1017 1252; x_wconf 91' lang='lat' dir='ltr'>En</span> <span class='ocrx_word' id='word_1_94' title='bbox 1034 1223 1116 1264; x_wconf 87' lang='lat' dir='ltr'>ego</span> <span class='ocrx_word' id='word_1_95' title='bbox 1137 1210 1268 1252; x_wconf 87' lang='lat' dir='ltr'>Divis</span> 
     </span>
    </p>
   </div>
   <div class='ocr_carea' id='block_1_3' title="bbox 1605 395 1693 438">
    <p class='ocr_par' dir='ltr' id='par_1_6' title="bbox 1605 395 1693 438">
     <span class='ocr_line' id='line_1_16' title="bbox 1605 395 1693 438; baseline 0 -31"><span class='ocrx_word' id='word_1_96' title='bbox 1605 395 1693 438; x_wconf 71' lang='lat'>355</span> 
     </span>
    </p>
   </div>
   <div class='ocr_carea' id='block_1_4' title="bbox 1600 1071 1689 1116">
    <p class='ocr_par' dir='ltr' id='par_1_7' title="bbox 1600 1071 1689 1116">
     <span class='ocr_line' id='line_1_17' title="bbox 1600 1071 1689 1116; baseline 0.011 -1"><span class='ocrx_word' id='word_1_97' title='bbox 1600 1071 1689 1116; x_wconf 82' lang='lat'>365</span> 
     </span>
    </p>
   </div>
   <div class='ocr_carea' id='block_1_5' title="bbox 216 1317 1688 1709">
    <p class='ocr_par' dir='ltr' id='par_1_8' title="bbox 216 1317 1688 1709">
     <span class='ocr_line' id='line_1_18' title="bbox 218 1317 1682 1362; baseline -0.001 -10"><span class='ocrx_word' id='word_1_98' title='bbox 218 1330 266 1352; x_wconf 82' lang='lat' dir='ltr'>me</span> <span class='ocrx_word' id='word_1_99' title='bbox 281 1325 446 1362; x_wconf 72' lang='lat' dir='ltr'>expertum</span> <span class='ocrx_word' id='word_1_100' title='bbox 460 1332 526 1355; x_wconf 90' lang='lat' dir='ltr'>esse</span> <span class='ocrx_word' id='word_1_101' title='bbox 539 1323 637 1355; x_wconf 85' lang='lat' dir='ltr'>scelus</span> <span class='ocrx_word' id='word_1_102' title='bbox 660 1321 846 1354; x_wconf 82' lang='lat' dir='ltr'>Thebarum.</span> <span class='ocrx_word' id='word_1_103' title='bbox 895 1320 968 1353; x_wconf 87' lang='lat' dir='ltr'>Viri</span> <span class='ocrx_word' id='word_1_104' title='bbox 989 1320 1113 1359; x_wconf 82' lang='lat' dir='ltr'>delecti,</span> <span class='ocrx_word' id='word_1_105' title='bbox 1136 1320 1172 1351; x_wconf 83' lang='lat' dir='ltr'>in</span> <span class='ocrx_word' id='word_1_106' title='bbox 1197 1319 1326 1352; x_wconf 81' lang='lat' dir='ltr'>insidiis</span> <span class='ocrx_word' id='word_1_107' title='bbox 1339 1317 1495 1357; x_wconf 75' lang='lat' dir='ltr'>collocati,</span> <span class='ocrx_word' id='word_1_108' title='bbox 1520 1320 1552 1350; x_wconf 75' lang='lat' dir='ltr'>et</span> <span class='ocrx_word' id='word_1_109' title='bbox 1566 1318 1682 1350; x_wconf 72' lang='lat' dir='ltr'>muniti</span> 
     </span>
     <span class='ocr_line' id='line_1_19' title="bbox 217 1362 1684 1406; baseline -0.002 -11"><span class='ocrx_word' id='word_1_110' title='bbox 217 1364 303 1396; x_wconf 78' lang='lat' dir='ltr'>omni</span> <span class='ocrx_word' id='word_1_111' title='bbox 314 1374 429 1404; x_wconf 83' lang='lat' dir='ltr'>genere</span> <span class='ocrx_word' id='word_1_112' title='bbox 443 1376 613 1406; x_wconf 84' lang='lat' dir='ltr'>armorum,</span> <span class='ocrx_word' id='word_1_113' title='bbox 629 1369 722 1397; x_wconf 75' lang='lat' dir='ltr'>noctu</span> <span class='ocrx_word' id='word_1_114' title='bbox 736 1368 767 1396; x_wconf 80' lang='lat' dir='ltr'>et</span> <span class='ocrx_word' id='word_1_115' title='bbox 783 1365 915 1404; x_wconf 84' lang='lat' dir='ltr'>fraude,</span> <span class='ocrx_word' id='word_1_116' title='bbox 927 1363 1056 1403; x_wconf 78' lang='lat' dir='ltr'>credite,</span> <span class='ocrx_word' id='word_1_117' title='bbox 1071 1365 1220 1395; x_wconf 85' lang='lat' dir='ltr'>inermem</span> <span class='ocrx_word' id='word_1_118' title='bbox 1234 1373 1293 1401; x_wconf 87' lang='lat' dir='ltr'>me,</span> <span class='ocrx_word' id='word_1_119' title='bbox 1315 1365 1347 1394; x_wconf 81' lang='lat' dir='ltr'>et</span> <span class='ocrx_word' id='word_1_120' title='bbox 1361 1362 1588 1403; x_wconf 80' lang='lat' dir='ltr'>imprudentem</span> <span class='ocrx_word' id='word_1_121' title='bbox 1603 1362 1684 1393; x_wconf 82' lang='lat' dir='ltr'>loco-</span> 
     </span>
     <span class='ocr_line' id='line_1_20' title="bbox 217 1405 1687 1449; baseline -0.003 -10"><span class='ocrx_word' id='word_1_122' title='bbox 217 1416 299 1444; x_wconf 80' lang='lat' dir='ltr'>rum,</span> <span class='ocrx_word' id='word_1_123' title='bbox 306 1407 434 1445; x_wconf 83' lang='lat' dir='ltr'>frustra</span> <span class='ocrx_word' id='word_1_124' title='bbox 445 1409 585 1449; x_wconf 74' lang='lat' dir='ltr'>cinxere,</span> <span class='ocrx_word' id='word_1_125' title='bbox 601 1409 685 1440; x_wconf 80' lang='lat' dir='ltr'>utin</span> <span class='ocrx_word' id='word_1_126' title='bbox 697 1407 773 1440; x_wconf 74' lang='lat' dir='ltr'>bello</span> <span class='ocrx_word' id='word_1_127' title='bbox 788 1407 901 1439; x_wconf 79' lang='lat' dir='ltr'>turrim</span> <span class='ocrx_word' id='word_1_128' title='bbox 916 1406 1173 1445; x_wconf 74' lang='lat' dir='ltr'>robustissimam,</span> <span class='ocrx_word' id='word_1_129' title='bbox 1186 1409 1242 1437; x_wconf 78' lang='lat' dir='ltr'>aut</span> <span class='ocrx_word' id='word_1_130' title='bbox 1256 1405 1362 1437; x_wconf 82' lang='lat' dir='ltr'>urbem</span> <span class='ocrx_word' id='word_1_131' title='bbox 1368 1405 1538 1446; x_wconf 77' lang='lat' dir='ltr'>firmatam</span> <span class='ocrx_word' id='word_1_132' title='bbox 1548 1413 1687 1445; x_wconf 74' lang='lat' dir='ltr'>propug-</span> 
     </span>
     <span class='ocr_line' id='line_1_21' title="bbox 216 1447 1688 1491; baseline -0.002 -10"><span class='ocrx_word' id='word_1_133' title='bbox 216 1450 349 1482; x_wconf 79' lang='lat' dir='ltr'>naculis.</span> <span class='ocrx_word' id='word_1_134' title='bbox 394 1451 586 1484; x_wconf 78' lang='lat' dir='ltr'>Sternuntur</span> <span class='ocrx_word' id='word_1_135' title='bbox 610 1452 646 1483; x_wconf 85' lang='lat' dir='ltr'>in</span> <span class='ocrx_word' id='word_1_136' title='bbox 669 1451 842 1491; x_wconf 85' lang='lat' dir='ltr'>promiscuo</span> <span class='ocrx_word' id='word_1_137' title='bbox 866 1451 1019 1490; x_wconf 81' lang='lat' dir='ltr'>sang-uine</span> <span class='ocrx_word' id='word_1_138' title='bbox 1046 1453 1120 1481; x_wconf 76' lang='lat' dir='ltr'>ante</span> <span class='ocrx_word' id='word_1_139' title='bbox 1144 1450 1313 1481; x_wconf 79' lang='lat' dir='ltr'>desolatam</span> <span class='ocrx_word' id='word_1_140' title='bbox 1333 1448 1504 1480; x_wconf 71' lang='lat' dir='ltr'>civitatem.</span> <span class='ocrx_word' id='word_1_141' title='bbox 1549 1447 1643 1478; x_wconf 81' lang='lat' dir='ltr'>Nunc</span> <span class='ocrx_word' id='word_1_142' title='bbox 1657 1457 1688 1487; x_wconf 89' lang='lat' dir='ltr'>o,</span> 
     </span>
     <span class='ocr_line' id='line_1_22' title="bbox 218 1489 1688 1534; baseline -0.001 -10"><span class='ocrx_word' id='word_1_143' title='bbox 218 1502 300 1525; x_wconf 80' lang='lat' dir='ltr'>nunc</span> <span class='ocrx_word' id='word_1_144' title='bbox 314 1495 433 1526; x_wconf 78' lang='lat' dir='ltr'>occasio</span> <span class='ocrx_word' id='word_1_145' title='bbox 448 1495 542 1527; x_wconf 84' lang='lat' dir='ltr'>eundi</span> <span class='ocrx_word' id='word_1_146' title='bbox 555 1495 592 1526; x_wconf 86' lang='lat' dir='ltr'>in</span> <span class='ocrx_word' id='word_1_147' title='bbox 605 1494 721 1534; x_wconf 80' lang='lat' dir='ltr'>hostes,</span> <span class='ocrx_word' id='word_1_148' title='bbox 745 1495 819 1525; x_wconf 82' lang='lat' dir='ltr'>dum</span> <span class='ocrx_word' id='word_1_149' title='bbox 839 1496 990 1531; x_wconf 75' lang='lat' dir='ltr'>tremunt,</span> <span class='ocrx_word' id='word_1_150' title='bbox 1004 1502 1040 1524; x_wconf 83' lang='lat' dir='ltr'>ac</span> <span class='ocrx_word' id='word_1_151' title='bbox 1061 1502 1173 1534; x_wconf 76' lang='lat' dir='ltr'>pavore</span> <span class='ocrx_word' id='word_1_152' title='bbox 1279 1494 1327 1530; x_wconf 74' lang='lat' dir='ltr'>nt,</span> <span class='ocrx_word' id='word_1_153' title='bbox 1351 1492 1424 1522; x_wconf 79' lang='lat' dir='ltr'>dum</span> <span class='ocrx_word' id='word_1_154' title='bbox 1445 1492 1597 1523; x_wconf 80' lang='lat' dir='ltr'>cadavera</span> <span class='ocrx_word' id='word_1_155' title='bbox 1610 1489 1688 1531; x_wconf 84' lang='lat' dir='ltr'>effe·</span> 
     </span>
     <span class='ocr_line' id='line_1_23' title="bbox 218 1532 1686 1575; baseline -0.003 -8"><span class='ocrx_word' id='word_1_156' title='bbox 218 1539 306 1574; x_wconf 83' lang='lat' dir='ltr'>runt,</span> <span class='ocrx_word' id='word_1_157' title='bbox 321 1541 352 1568; x_wconf 77' lang='lat' dir='ltr'>et</span> <span class='ocrx_word' id='word_1_158' title='bbox 377 1538 452 1569; x_wconf 84' lang='lat' dir='ltr'>dum</span> <span class='ocrx_word' id='word_1_159' title='bbox 482 1547 590 1569; x_wconf 81' lang='lat' dir='ltr'>nwnus</span> <span class='ocrx_word' id='word_1_160' title='bbox 604 1546 711 1569; x_wconf 78' lang='lat' dir='ltr'>eorum</span> <span class='ocrx_word' id='word_1_161' title='bbox 736 1537 872 1568; x_wconf 80' lang='lat' dir='ltr'>nondum</span> <span class='ocrx_word' id='word_1_162' title='bbox 895 1535 1016 1567; x_wconf 82' lang='lat' dir='ltr'>dimisit</span> <span class='ocrx_word' id='word_1_163' title='bbox 1034 1535 1170 1573; x_wconf 81' lang='lat' dir='ltr'>feretra.</span> <span class='ocrx_word' id='word_1_164' title='bbox 1219 1535 1290 1574; x_wconf 78' lang='lat' dir='ltr'>Ego</span> <span class='ocrx_word' id='word_1_165' title='bbox 1304 1533 1370 1575; x_wconf 78' lang='lat' dir='ltr'>ipse</span> <span class='ocrx_word' id='word_1_166' title='bbox 1383 1533 1484 1565; x_wconf 76' lang='lat' dir='ltr'>lassus</span> <span class='ocrx_word' id='word_1_167' title='bbox 1495 1532 1636 1564; x_wconf 72' lang='lat' dir='ltr'>dimissis</span> <span class='ocrx_word' id='word_1_168' title='bbox 1650 1533 1686 1564; x_wconf 69' lang='lat' dir='ltr'>ia</span> 
     </span>
     <span class='ocr_line' id='line_1_24' title="bbox 217 1576 1684 1621; baseline -0.002 -12"><span class='ocrx_word' id='word_1_169' title='bbox 217 1588 325 1610; x_wconf 86' lang='lat' dir='ltr'>orcum</span> <span class='ocrx_word' id='word_1_170' title='bbox 346 1579 411 1612; x_wconf 79' lang='lat' dir='ltr'>iuis</span> <span class='ocrx_word' id='word_1_171' title='bbox 432 1581 611 1621; x_wconf 75' lang='lat' dir='ltr'>ingentibus</span> <span class='ocrx_word' id='word_1_172' title='bbox 627 1579 775 1612; x_wconf 80' lang='lat' dir='ltr'>Manibus</span> <span class='ocrx_word' id='word_1_173' title='bbox 790 1578 1019 1620; x_wconf 78' lang='lat' dir='ltr'>quinquaginta</span> <span class='ocrx_word' id='word_1_174' title='bbox 1034 1578 1170 1619; x_wconf 77' lang='lat' dir='ltr'>heroum,</span> <span class='ocrx_word' id='word_1_175' title='bbox 1194 1581 1225 1609; x_wconf 74' lang='lat' dir='ltr'>et</span> <span class='ocrx_word' id='word_1_176' title='bbox 1248 1585 1363 1617; x_wconf 79' lang='lat' dir='ltr'>gerens</span> <span class='ocrx_word' id='word_1_177' title='bbox 1387 1576 1467 1607; x_wconf 74' lang='lat' dir='ltr'>istas</span> <span class='ocrx_word' id='word_1_178' title='bbox 1482 1577 1595 1617; x_wconf 75' lang='lat' dir='ltr'>plagas</span> <span class='ocrx_word' id='word_1_179' title='bbox 1617 1584 1684 1606; x_wconf 82' lang='lat' dir='ltr'>cor-</span> 
     </span>
     <span class='ocr_line' id='line_1_25' title="bbox 217 1619 1686 1664; baseline -0.003 -10"><span class='ocrx_word' id='word_1_180' title='bbox 217 1625 312 1662; x_wconf 78' lang='lat' dir='ltr'>rupto</span> <span class='ocrx_word' id='word_1_181' title='bbox 335 1633 444 1656; x_wconf 58' lang='lat' dir='ltr'>auore</span> <span class='ocrx_word' id='word_1_182' title='bbox 467 1627 640 1664; x_wconf 75' lang='lat' dir='ltr'>concretas,</span> <span class='ocrx_word' id='word_1_183' title='bbox 666 1622 831 1662; x_wconf 71' lang='lat' dir='ltr'>confestim</span> <span class='ocrx_word' id='word_1_184' title='bbox 842 1621 1001 1664; x_wconf 69' lang='lat' dir='ltr'>proficisci</span> <span class='ocrx_word' id='word_1_185' title='bbox 1013 1622 1148 1662; x_wconf 76' lang='lat' dir='ltr'>postulo.</span> <span class='ocrx_word' id='word_1_186' title='bbox 1196 1620 1378 1651; x_wconf 77' lang='lat' dir='ltr'>Tremenies</span> <span class='ocrx_word' id='word_1_187' title='bbox 1392 1619 1509 1659; x_wconf 76' lang='lat' dir='ltr'>Argivi</span> <span class='ocrx_word' id='word_1_188' title='bbox 1520 1620 1652 1657; x_wconf 67' lang='lat' dir='ltr'>surgun!</span> <span class='ocrx_word' id='word_1_189' title='bbox 1667 1627 1686 1650; x_wconf 80' lang='lat' dir='ltr'>e</span> 
     </span>
     <span class='ocr_line' id='line_1_26' title="bbox 217 1661 1683 1709; baseline -0.002 -14"><span class='ocrx_word' id='word_1_190' title='bbox 217 1665 355 1709; x_wconf 80' lang='lat' dir='ltr'>sedibus,</span> <span class='ocrx_word' id='word_1_191' title='bbox 381 1670 411 1699; x_wconf 79' lang='lat' dir='ltr'>ec</span> <span class='ocrx_word' id='word_1_192' title='bbox 422 1667 543 1708; x_wconf 81' lang='lat' dir='ltr'>primus</span> <span class='ocrx_word' id='word_1_193' title='bbox 556 1668 692 1699; x_wconf 85' lang='lat' dir='ltr'>omnium</span> <span class='ocrx_word' id='word_1_194' title='bbox 706 1666 831 1699; x_wconf 78' lang='lat' dir='ltr'>advolat</span> <span class='ocrx_word' id='word_1_195' title='bbox 847 1665 936 1697; x_wconf 79' lang='lat' dir='ltr'>heros</span> <span class='ocrx_word' id='word_1_196' title='bbox 954 1664 1120 1696; x_wconf 81' lang='lat' dir='ltr'>Cadmeius</span> <span class='ocrx_word' id='word_1_197' title='bbox 1146 1662 1315 1704; x_wconf 81' lang='lat' dir='ltr'>Polynices</span> <span class='ocrx_word' id='word_1_198' title='bbox 1330 1661 1460 1694; x_wconf 74' lang='lat' dir='ltr'>demisso</span> <span class='ocrx_word' id='word_1_199' title='bbox 1475 1671 1528 1693; x_wconf 82' lang='lat' dir='ltr'>ore</span> <span class='ocrx_word' id='word_1_200' title='bbox 1539 1670 1553 1698; x_wconf 89' lang='lat'>,·</span> <span class='ocrx_word' id='word_1_201' title='bbox 1570 1664 1613 1702; x_wconf 79' lang='lat' dir='ltr'>et,</span> <span class='ocrx_word' id='word_1_202' title='bbox 1629 1661 1683 1692; x_wconf 77' lang='lat' dir='ltr'>En</span> 
     </span>
    </p>
   </div>
   <div class='ocr_carea' id='block_1_6' title="bbox 831 1748 1076 1762">
    <p class='ocr_par' dir='ltr' id='par_1_9' title="bbox 831 1748 1076 1762">
     <span class='ocr_line' id='line_1_27' title="bbox 831 1748 1076 1762; baseline -0.004 0"><span class='ocrx_word' id='word_1_203' title='bbox 831 1749 871 1762; x_wconf 58' lang='grc' dir='ltr'>θ’</span> <span class='ocrx_word' id='word_1_204' title='bbox 1034 1748 1076 1761; x_wconf 60' lang='grc' dir='ltr'><strong><em>ω</em></strong></span> 
     </span>
    </p>
   </div>
   <div class='ocr_carea' id='block_1_7' title="bbox 196 1800 1685 2020">
    <p class='ocr_par' dir='ltr' id='par_1_10' title="bbox 196 1800 1685 2020">
     <span class='ocr_line' id='line_1_28' title="bbox 218 1800 1685 1848; baseline -0.004 -10"><span class='ocrx_word' id='word_1_205' title='bbox 218 1805 329 1838; x_wconf 82' lang='lat' dir='ltr'>codex</span> <span class='ocrx_word' id='word_1_206' title='bbox 354 1805 457 1838; x_wconf 82' lang='lat' dir='ltr'>Fabri</span> <span class='ocrx_word' id='word_1_207' title='bbox 483 1805 575 1848; x_wconf 90' lang='lat' dir='ltr'>quod</span> <span class='ocrx_word' id='word_1_208' title='bbox 602 1805 701 1847; x_wconf 87' lang='lat' dir='ltr'>primi</span> <span class='ocrx_word' id='word_1_209' title='bbox 725 1808 932 1846; x_wconf 88' lang='lat' dir='ltr'>receperunt</span> <span class='ocrx_word' id='word_1_210' title='bbox 961 1803 1189 1843; x_wconf 86' lang='lat' dir='ltr'>Lindenbrog.</span> <span class='ocrx_word' id='word_1_211' title='bbox 1214 1805 1250 1833; x_wconf 84' lang='lat' dir='ltr'>et</span> <span class='ocrx_word' id='word_1_212' title='bbox 1274 1801 1485 1833; x_wconf 61' lang='lat' dir='ltr'>crum—355</span> <span class='ocrx_word' id='word_1_213' title='bbox 1509 1800 1685 1841; x_wconf 74' lang='lat' dir='ltr'>Expzomre</span> 
     </span>
     <span class='ocr_line' id='line_1_29' title="bbox 196 1844 1682 1889; baseline -0.004 -9"><span class='ocrx_word' id='word_1_214' title='bbox 196 1872 199 1874; x_wconf 87' lang='lat'><em>-</em></span> <span class='ocrx_word' id='word_1_215' title='bbox 217 1858 312 1880; x_wconf 77' lang='lat' dir='ltr'>manu</span> <span class='ocrx_word' id='word_1_216' title='bbox 328 1848 487 1881; x_wconf 77' lang='lat' dir='ltr'>Petrens.</span> <span class='ocrx_word' id='word_1_217' title='bbox 501 1851 626 1881; x_wconf 83' lang='lat' dir='ltr'>credere</span> <span class='ocrx_word' id='word_1_218' title='bbox 653 1858 716 1889; x_wconf 89' lang='lat' dir='ltr'>pro</span> <span class='ocrx_word' id='word_1_219' title='bbox 738 1848 855 1880; x_wconf 81' lang='lat' dir='ltr'>credite</span> <span class='ocrx_word' id='word_1_220' title='bbox 878 1847 1014 1879; x_wconf 84' lang='lat' dir='ltr'>Barthii</span> <span class='ocrx_word' id='word_1_221' title='bbox 1029 1846 1358 1878; x_wconf 80' lang='lat' dir='ltr'>membranae.—356</span> <span class='ocrx_word' id='word_1_222' title='bbox 1382 1844 1447 1875; x_wconf 86' lang='lat' dir='ltr'>Ceu</span> <span class='ocrx_word' id='word_1_223' title='bbox 1462 1847 1580 1875; x_wconf 78' lang='lat' dir='ltr'>turrem</span> <span class='ocrx_word' id='word_1_224' title='bbox 1594 1852 1682 1875; x_wconf 83' lang='lat' dir='ltr'>uuus</span> 
     </span>
     <span class='ocr_line' id='line_1_30' title="bbox 218 1886 1684 1932; baseline -0.005 -9"><span class='ocrx_word' id='word_1_225' title='bbox 218 1892 453 1925; x_wconf 54' lang='lat' dir='ltr'>Benna—357</span> <span class='ocrx_word' id='word_1_226' title='bbox 477 1892 582 1924; x_wconf 83' lang='lat' dir='ltr'>Electi</span> <span class='ocrx_word' id='word_1_227' title='bbox 604 1891 729 1924; x_wconf 79' lang='lat' dir='ltr'>insidiis</span> <span class='ocrx_word' id='word_1_228' title='bbox 754 1891 896 1932; x_wconf 86' lang='lat' dir='ltr'>optimae</span> <span class='ocrx_word' id='word_1_229' title='bbox 925 1889 1059 1922; x_wconf 87' lang='lat' dir='ltr'>Barthii</span> <span class='ocrx_word' id='word_1_230' title='bbox 1084 1888 1408 1920; x_wconf 54' lang='lat' dir='ltr'>membrana-358</span> <span class='ocrx_word' id='word_1_231' title='bbox 1431 1887 1535 1917; x_wconf 75' lang='lat' dir='ltr'>Nocte</span> <span class='ocrx_word' id='word_1_232' title='bbox 1562 1886 1684 1926; x_wconf 79' lang='lat' dir='ltr'>locoque</span> 
     </span>
     <span class='ocr_line' id='line_1_31' title="bbox 217 1928 1681 1970; baseline -0.005 -4"><span class='ocrx_word' id='word_1_233' title='bbox 217 1935 282 1967; x_wconf 74' lang='lat' dir='ltr'>viri</span> <span class='ocrx_word' id='word_1_234' title='bbox 294 1934 381 1967; x_wconf 87' lang='lat' dir='ltr'>alter</span> <span class='ocrx_word' id='word_1_235' title='bbox 393 1934 628 1967; x_wconf 79' lang='lat' dir='ltr'>Behot.—360</span> <span class='ocrx_word' id='word_1_236' title='bbox 644 1934 727 1967; x_wconf 86' lang='lat' dir='ltr'>Put.</span> <span class='ocrx_word' id='word_1_237' title='bbox 740 1934 774 1966; x_wconf 86' lang='lat' dir='ltr'>in</span> <span class='ocrx_word' id='word_1_238' title='bbox 784 1934 1022 1965; x_wconf 50' lang='grc' dir='ltr'>Μάκαι-365</span> <span class='ocrx_word' id='word_1_239' title='bbox 1047 1932 1056 1950; x_wconf 94' lang='lat'>‘</span> <span class='ocrx_word' id='word_1_240' title='bbox 1070 1930 1288 1963; x_wconf 78' lang='lat' dir='ltr'>Commodius</span> <span class='ocrx_word' id='word_1_241' title='bbox 1301 1929 1452 1969; x_wconf 83' lang='lat' dir='ltr'>puto,ire</span> <span class='ocrx_word' id='word_1_242' title='bbox 1462 1938 1539 1969; x_wconf 81' lang='lat' dir='ltr'>paro</span> <span class='ocrx_word' id='word_1_243' title='bbox 1552 1938 1565 1966; x_wconf 81' lang='lat'>‚-</span> <span class='ocrx_word' id='word_1_244' title='bbox 1589 1928 1681 1970; x_wconf 88' lang='lat' dir='ltr'>quod</span> 
     </span>
     <span class='ocr_line' id='line_1_32' title="bbox 219 1970 1681 2020; baseline -0.005 -10"><span class='ocrx_word' id='word_1_245' title='bbox 219 1982 274 2010; x_wconf 86' lang='lat' dir='ltr'>est</span> <span class='ocrx_word' id='word_1_246' title='bbox 289 1978 323 2010; x_wconf 88' lang='lat' dir='ltr'>in</span> <span class='ocrx_word' id='word_1_247' title='bbox 339 1978 477 2020; x_wconf 82' lang='lat' dir='ltr'>optimis</span> <span class='ocrx_word' id='word_1_248' title='bbox 489 1978 663 2010; x_wconf 85' lang='lat' dir='ltr'>veteribus</span> <span class='ocrx_word' id='word_1_249' title='bbox 680 1977 800 2009; x_wconf 68' lang='lat' dir='ltr'>libris!</span> <span class='ocrx_word' id='word_1_250' title='bbox 817 1975 1044 2009; x_wconf 56' lang='lat' dir='ltr'>Barth—36⁷</span> <span class='ocrx_word' id='word_1_251' title='bbox 1068 1974 1149 2006; x_wconf 86' lang='lat' dir='ltr'>Put.</span> <span class='ocrx_word' id='word_1_252' title='bbox 1161 1974 1284 2006; x_wconf 82' lang='lat' dir='ltr'>Petav.</span> <span class='ocrx_word' id='word_1_253' title='bbox 1299 1972 1393 2005; x_wconf 84' lang='lat' dir='ltr'>Dan.</span> <span class='ocrx_word' id='word_1_254' title='bbox 1409 1975 1439 2004; x_wconf 76' lang='lat' dir='ltr'>et</span> <span class='ocrx_word' id='word_1_255' title='bbox 1453 1982 1471 2003; x_wconf 91' lang='lat' dir='ltr'>o</span> <span class='ocrx_word' id='word_1_256' title='bbox 1486 1980 1543 2011; x_wconf 79' lang='lat' dir='ltr'>ego</span> <span class='ocrx_word' id='word_1_257' title='bbox 1551 1981 1566 2009; x_wconf 80' lang='lat'>,-</span> <span class='ocrx_word' id='word_1_258' title='bbox 1588 1970 1681 2014; x_wconf 87' lang='lat' dir='ltr'>quod</span> 
     </span>
    </p>
   </div>
   <div class='ocr_carea' id='block_1_8' title="bbox 878 2060 1021 2094">
    <p class='ocr_par' dir='ltr' id='par_1_11' title="bbox 878 2060 1021 2094">
     <span class='ocr_line' id='line_1_33' title="bbox 878 2060 1021 2094; baseline -0.014 0"><span class='ocrx_word' id='word_1_259' title='bbox 878 2060 1021 2094; x_wconf 81' lang='lat' dir='ltr'>NOTAE</span> 
     </span>
    </p>
   </div>
   <div class='ocr_carea' id='block_1_9' title="bbox 874 1748 1032 1761">
    <p class='ocr_par' dir='ltr' id='par_1_12' title="bbox 874 1748 1032 1761">
     <span class='ocr_line' id='line_1_34' title="bbox 874 1748 1032 1761; baseline 0 1307"><span class='ocrx_word' id='word_1_260' title='bbox 874 1748 1032 1761; x_wconf 95' lang='lat' dir='ltr'> </span> 
     </span>
    </p>
   </div>
   <div class='ocr_carea' id='block_1_10' title="bbox 215 2126 924 2570">
    <p class='ocr_par' dir='ltr' id='par_1_13' title="bbox 217 2126 922 2222">
     <span class='ocr_line' id='line_1_35' title="bbox 261 2126 922 2171; baseline -0.003 -11"><span class='ocrx_word' id='word_1_261' title='bbox 261 2130 326 2161; x_wconf 78' lang='grc'>354</span> <span class='ocrx_word' id='word_1_262' title='bbox 366 2129 545 2171; x_wconf 76' lang='lat' dir='ltr'>Thebasque</span> <span class='ocrx_word' id='word_1_263' title='bbox 583 2129 742 2170; x_wconf 74' lang='lat' dir='ltr'>nocentes]</span> <span class='ocrx_word' id='word_1_264' title='bbox 783 2126 922 2160; x_wconf 82' lang='lat' dir='ltr'>Insidiis</span> 
     </span>
     <span class='ocr_line' id='line_1_36' title="bbox 217 2180 599 2222; baseline 0 -11"><span class='ocrx_word' id='word_1_265' title='bbox 217 2180 360 2212; x_wconf 83' lang='lat' dir='ltr'>structis</span> <span class='ocrx_word' id='word_1_266' title='bbox 376 2180 412 2212; x_wconf 88' lang='lat' dir='ltr'>in</span> <span class='ocrx_word' id='word_1_267' title='bbox 435 2181 599 2222; x_wconf 85' lang='lat' dir='ltr'>legatum.</span> 
     </span>
    </p>

    <p class='ocr_par' dir='ltr' id='par_1_14' title="bbox 218 2230 922 2324">
     <span class='ocr_line' id='line_1_37' title="bbox 261 2230 922 2272; baseline -0.003 -9"><span class='ocrx_word' id='word_1_268' title='bbox 261 2234 328 2264; x_wconf 78' lang='lat'>356</span> <span class='ocrx_word' id='word_1_269' title='bbox 351 2232 418 2264; x_wconf 87' lang='lat' dir='ltr'>Ceu</span> <span class='ocrx_word' id='word_1_270' title='bbox 431 2233 548 2264; x_wconf 83' lang='lat' dir='ltr'>turrim</span> <span class='ocrx_word' id='word_1_271' title='bbox 561 2230 713 2272; x_wconf 81' lang='lat' dir='ltr'>validam]</span> <span class='ocrx_word' id='word_1_272' title='bbox 736 2231 922 2272; x_wconf 77' lang='lat' dir='ltr'>Compara-</span> 
     </span>
     <span class='ocr_line' id='line_1_38' title="bbox 218 2282 695 2324; baseline -0.002 -10"><span class='ocrx_word' id='word_1_273' title='bbox 218 2282 267 2314; x_wconf 89' lang='lat' dir='ltr'>tio</span> <span class='ocrx_word' id='word_1_274' title='bbox 285 2287 381 2314; x_wconf 81' lang='lat' dir='ltr'>tanto</span> <span class='ocrx_word' id='word_1_275' title='bbox 397 2282 564 2315; x_wconf 78' lang='lat' dir='ltr'>bellatore</span> <span class='ocrx_word' id='word_1_276' title='bbox 579 2282 695 2324; x_wconf 85' lang='lat' dir='ltr'>digna.</span> 
     </span>
    </p>

    <p class='ocr_par' dir='ltr' id='par_1_15' title="bbox 215 2333 924 2570">
     <span class='ocr_line' id='line_1_39' title="bbox 260 2333 924 2375; baseline -0.002 -10"><span class='ocrx_word' id='word_1_277' title='bbox 260 2336 325 2365; x_wconf 80' lang='lat'>358</span> <span class='ocrx_word' id='word_1_278' title='bbox 349 2334 450 2366; x_wconf 86' lang='lat' dir='ltr'>Nocte</span> <span class='ocrx_word' id='word_1_279' title='bbox 464 2335 591 2375; x_wconf 80' lang='lat' dir='ltr'>doloque</span> <span class='ocrx_word' id='word_1_280' title='bbox 603 2333 681 2374; x_wconf 85' lang='lat' dir='ltr'>viri,</span> <span class='ocrx_word' id='word_1_281' title='bbox 701 2333 818 2365; x_wconf 79' lang='lat' dir='ltr'>nudum</span> <span class='ocrx_word' id='word_1_282' title='bbox 831 2333 924 2372; x_wconf 86' lang='lat' dir='ltr'>igna-</span> 
     </span>
     <span class='ocr_line' id='line_1_40' title="bbox 215 2384 923 2426; baseline -0.003 -10"><span class='ocrx_word' id='word_1_283' title='bbox 215 2394 342 2426; x_wconf 81' lang='lat' dir='ltr'>rumque</span> <span class='ocrx_word' id='word_1_284' title='bbox 371 2385 522 2426; x_wconf 81' lang='lat' dir='ltr'>Iocorum]</span> <span class='ocrx_word' id='word_1_285' title='bbox 546 2384 588 2417; x_wconf 91' lang='lat' dir='ltr'>Id</span> <span class='ocrx_word' id='word_1_286' title='bbox 615 2384 707 2426; x_wconf 91' lang='lat' dir='ltr'>quod</span> <span class='ocrx_word' id='word_1_287' title='bbox 731 2389 834 2424; x_wconf 87' lang='lat' dir='ltr'>auget</span> <span class='ocrx_word' id='word_1_288' title='bbox 858 2384 923 2415; x_wconf 90' lang='lat' dir='ltr'>cri-</span> 
     </span>
     <span class='ocr_line' id='line_1_41' title="bbox 216 2435 923 2475; baseline -0.003 -8"><span class='ocrx_word' id='word_1_289' title='bbox 216 2445 296 2468; x_wconf 89' lang='lat' dir='ltr'>men</span> <span class='ocrx_word' id='word_1_290' title='bbox 319 2436 470 2468; x_wconf 87' lang='lat' dir='ltr'>Eteoclis</span> <span class='ocrx_word' id='word_1_291' title='bbox 496 2441 533 2467; x_wconf 90' lang='lat' dir='ltr'>et</span> <span class='ocrx_word' id='word_1_292' title='bbox 555 2435 803 2474; x_wconf 83' lang='lat' dir='ltr'>insidiatorum,</span> <span class='ocrx_word' id='word_1_293' title='bbox 818 2439 923 2475; x_wconf 82' lang='lat' dir='ltr'>auget</span> 
     </span>
     <span class='ocr_line' id='line_1_42' title="bbox 217 2485 923 2527; baseline -0.004 -8"><span class='ocrx_word' id='word_1_294' title='bbox 217 2487 321 2519; x_wconf 86' lang='lat' dir='ltr'>etiam</span> <span class='ocrx_word' id='word_1_295' title='bbox 350 2486 511 2519; x_wconf 80' lang='lat' dir='ltr'>virtutem</span> <span class='ocrx_word' id='word_1_296' title='bbox 535 2491 573 2518; x_wconf 84' lang='lat' dir='ltr'>et</span> <span class='ocrx_word' id='word_1_297' title='bbox 596 2485 835 2518; x_wconf 87' lang='lat' dir='ltr'>fortitudinem</span> <span class='ocrx_word' id='word_1_298' title='bbox 852 2486 923 2527; x_wconf 84' lang='lat' dir='ltr'>Ty-</span> 
     </span>
     <span class='ocr_line' id='line_1_43' title="bbox 217 2538 284 2570; baseline 0.015 -1"><span class='ocrx_word' id='word_1_299' title='bbox 217 2538 284 2570; x_wconf 86' lang='lat' dir='ltr'>dei.</span> 
     </span>
    </p>
   </div>
   <div class='ocr_carea' id='block_1_11' title="bbox 258 2585 952 2630">
    <p class='ocr_par' dir='ltr' id='par_1_16' title="bbox 258 2585 952 2630">
     <span class='ocr_line' id='line_1_44' title="bbox 258 2585 952 2630; baseline -0.004 -9"><span class='ocrx_word' id='word_1_300' title='bbox 258 2592 323 2621; x_wconf 75' lang='lat'>360</span> <span class='ocrx_word' id='word_1_301' title='bbox 362 2588 513 2630; x_wconf 73' lang='lat' dir='ltr'>vacuam]</span> <span class='ocrx_word' id='word_1_302' title='bbox 543 2586 817 2620; x_wconf 83' lang='lat' dir='ltr'>Defensoribus:</span> <span class='ocrx_word' id='word_1_303' title='bbox 850 2585 920 2619; x_wconf 82' lang='lat' dir='ltr'>for-</span> <span class='ocrx_word' id='word_1_304' title='bbox 941 2613 952 2618; x_wconf 83' lang='lat'>-</span> 
     </span>
    </p>
   </div>
   <div class='ocr_carea' id='block_1_12' title="bbox 217 2632 1399 2681">
    <p class='ocr_par' dir='ltr' id='par_1_17' title="bbox 217 2632 1399 2681">
     <span class='ocr_line' id='line_1_45' title="bbox 217 2632 1399 2681; baseline -0.006 -9"><span class='ocrx_word' id='word_1_305' title='bbox 217 2641 324 2673; x_wconf 82' lang='lat' dir='ltr'>tiores</span> <span class='ocrx_word' id='word_1_306' title='bbox 340 2640 429 2671; x_wconf 88' lang='lat' dir='ltr'>enim</span> <span class='ocrx_word' id='word_1_307' title='bbox 442 2638 653 2671; x_wconf 81' lang='lat' dir='ltr'>ceciderant.</span> <span class='ocrx_word' id='word_1_308' title='bbox 921 2633 958 2681; x_wconf 62' lang='grc' dir='ltr'>ξ</span> <span class='ocrx_word' id='word_1_309' title='bbox 978 2637 1077 2669; x_wconf 88' lang='lat' dir='ltr'>‘dum</span> <span class='ocrx_word' id='word_1_310' title='bbox 1092 2635 1214 2668; x_wconf 81' lang='lat' dir='ltr'>funera</span> <span class='ocrx_word' id='word_1_311' title='bbox 1235 2632 1399 2676; x_wconf 69' lang='lat' dir='ltr'>portant!</span> 
     </span>
    </p>
   </div>
   <div class='ocr_carea' id='block_1_13' title="bbox 259 2686 963 2730">
    <p class='ocr_par' dir='ltr' id='par_1_18' title="bbox 259 2686 963 2730">
     <span class='ocr_line' id='line_1_46' title="bbox 259 2686 963 2730; baseline -0.006 -8"><span class='ocrx_word' id='word_1_312' title='bbox 259 2693 323 2722; x_wconf 79' lang='lat'>362</span> <span class='ocrx_word' id='word_1_313' title='bbox 346 2690 435 2721; x_wconf 85' lang='lat' dir='ltr'>Dum</span> <span class='ocrx_word' id='word_1_314' title='bbox 452 2690 561 2730; x_wconf 81' lang='lat' dir='ltr'>capulo</span> <span class='ocrx_word' id='word_1_315' title='bbox 574 2689 709 2720; x_wconf 81' lang='lat' dir='ltr'>nondum</span> <span class='ocrx_word' id='word_1_316' title='bbox 719 2697 829 2719; x_wconf 86' lang='lat' dir='ltr'>manus</span> <span class='ocrx_word' id='word_1_317' title='bbox 836 2687 920 2719; x_wconf 67' lang='grc' dir='ltr'><strong><em>επεὶ·</em></strong></span> <span class='ocrx_word' id='word_1_318' title='bbox 944 2686 963 2715; x_wconf 63' lang='grc'>,“</span> 
     </span>
    </p>
   </div>
   <div class='ocr_carea' id='block_1_14' title="bbox 216 2738 921 2836">
    <p class='ocr_par' dir='ltr' id='par_1_19' title="bbox 216 2738 921 2836">
     <span class='ocr_line' id='line_1_47' title="bbox 216 2738 921 2782; baseline -0.006 -9"><span class='ocrx_word' id='word_1_319' title='bbox 216 2741 281 2782; x_wconf 76' lang='lat' dir='ltr'>die]</span> <span class='ocrx_word' id='word_1_320' title='bbox 300 2740 516 2781; x_wconf 80' lang='lat' dir='ltr'>Ambiguitas</span> <span class='ocrx_word' id='word_1_321' title='bbox 537 2739 679 2780; x_wconf 85' lang='lat' dir='ltr'>hujusce</span> <span class='ocrx_word' id='word_1_322' title='bbox 707 2738 813 2778; x_wconf 89' lang='lat' dir='ltr'>vocis,</span> <span class='ocrx_word' id='word_1_323' title='bbox 826 2748 921 2779; x_wconf 81' lang='lat' dir='ltr'>capu-</span> 
     </span>
     <span class='ocr_line' id='line_1_48' title="bbox 217 2789 918 2836; baseline -0.006 -10"><span class='ocrx_word' id='word_1_324' title='bbox 217 2796 258 2836; x_wconf 85' lang='lat' dir='ltr'>lo,</span> <span class='ocrx_word' id='word_1_325' title='bbox 291 2796 402 2836; x_wconf 84' lang='lat' dir='ltr'>potest</span> <span class='ocrx_word' id='word_1_326' title='bbox 425 2790 541 2824; x_wconf 86' lang='lat' dir='ltr'>facere</span> <span class='ocrx_word' id='word_1_327' title='bbox 566 2789 741 2832; x_wconf 83' lang='lat' dir='ltr'>duplicem</span> <span class='ocrx_word' id='word_1_328' title='bbox 769 2800 918 2823; x_wconf 82' lang='lat' dir='ltr'>sensum.</span> 
     </span>
    </p>
   </div>
   <div class='ocr_carea' id='block_1_15' title="bbox 975 2126 1682 2626">
    <p class='ocr_par' dir='ltr' id='par_1_20' title="bbox 975 2126 1682 2626">
     <span class='ocr_line' id='line_1_49' title="bbox 977 2126 1681 2174; baseline -0.01 -9"><span class='ocrx_word' id='word_1_329' title='bbox 977 2133 1068 2165; x_wconf 84' lang='lat' dir='ltr'>Nam</span> <span class='ocrx_word' id='word_1_330' title='bbox 1083 2132 1225 2174; x_wconf 83' lang='lat' dir='ltr'>capulus</span> <span class='ocrx_word' id='word_1_331' title='bbox 1241 2129 1408 2172; x_wconf 80' lang='lat' dir='ltr'>signifieat</span> <span class='ocrx_word' id='word_1_332' title='bbox 1434 2128 1484 2169; x_wconf 90' lang='lat' dir='ltr'>id,</span> <span class='ocrx_word' id='word_1_333' title='bbox 1511 2137 1575 2170; x_wconf 87' lang='lat' dir='ltr'>per</span> <span class='ocrx_word' id='word_1_334' title='bbox 1590 2126 1681 2170; x_wconf 89' lang='lat' dir='ltr'>quod</span> 
     </span>
     <span class='ocr_line' id='line_1_50' title="bbox 977 2179 1681 2224; baseline -0.009 -8"><span class='ocrx_word' id='word_1_335' title='bbox 977 2188 1116 2217; x_wconf 80' lang='lat' dir='ltr'>tenetur</span> <span class='ocrx_word' id='word_1_336' title='bbox 1144 2183 1244 2224; x_wconf 75' lang='lat' dir='ltr'>ensis,</span> <span class='ocrx_word' id='word_1_337' title='bbox 1264 2186 1301 2214; x_wconf 90' lang='lat' dir='ltr'>et</span> <span class='ocrx_word' id='word_1_338' title='bbox 1326 2181 1376 2213; x_wconf 82' lang='lat' dir='ltr'>sic</span> <span class='ocrx_word' id='word_1_339' title='bbox 1397 2183 1517 2222; x_wconf 82' lang='lat' dir='ltr'>posset</span> <span class='ocrx_word' id='word_1_340' title='bbox 1538 2179 1681 2211; x_wconf 85' lang='lat' dir='ltr'>innuere</span> 
     </span>
     <span class='ocr_line' id='line_1_51' title="bbox 975 2229 1681 2277; baseline -0.01 -10"><span class='ocrx_word' id='word_1_341' title='bbox 975 2235 1129 2277; x_wconf 84' lang='lat' dir='ltr'>Tydeus,</span> <span class='ocrx_word' id='word_1_342' title='bbox 1159 2232 1370 2265; x_wconf 78' lang='lat' dir='ltr'>invadendos</span> <span class='ocrx_word' id='word_1_343' title='bbox 1405 2229 1522 2262; x_wconf 77' lang='lat' dir='ltr'>statim</span> <span class='ocrx_word' id='word_1_344' title='bbox 1552 2229 1681 2270; x_wconf 82' lang='lat' dir='ltr'>hostes,</span> 
     </span>
     <span class='ocr_line' id='line_1_52' title="bbox 977 2280 1682 2325; baseline -0.006 -8"><span class='ocrx_word' id='word_1_345' title='bbox 977 2285 1056 2317; x_wconf 84' lang='lat' dir='ltr'>dum</span> <span class='ocrx_word' id='word_1_346' title='bbox 1073 2289 1169 2316; x_wconf 88' lang='lat' dir='ltr'>tenet</span> <span class='ocrx_word' id='word_1_347' title='bbox 1183 2284 1257 2325; x_wconf 84' lang='lat' dir='ltr'>ipse</span> <span class='ocrx_word' id='word_1_348' title='bbox 1273 2282 1384 2314; x_wconf 78' lang='lat' dir='ltr'>adhuc</span> <span class='ocrx_word' id='word_1_349' title='bbox 1401 2281 1560 2322; x_wconf 87' lang='lat' dir='ltr'>capulum</span> <span class='ocrx_word' id='word_1_350' title='bbox 1576 2280 1682 2314; x_wconf 82' lang='lat' dir='ltr'>ensis.</span> 
     </span>
     <span class='ocr_line' id='line_1_53' title="bbox 978 2330 1680 2376; baseline -0.009 -9"><span class='ocrx_word' id='word_1_351' title='bbox 978 2335 1025 2368; x_wconf 86' lang='lat' dir='ltr'>Et</span> <span class='ocrx_word' id='word_1_352' title='bbox 1052 2336 1194 2376; x_wconf 78' lang='lat' dir='ltr'>capulum</span> <span class='ocrx_word' id='word_1_353' title='bbox 1223 2331 1395 2374; x_wconf 84' lang='lat' dir='ltr'>significat</span> <span class='ocrx_word' id='word_1_354' title='bbox 1428 2330 1608 2370; x_wconf 82' lang='lat' dir='ltr'>feretrum,</span> <span class='ocrx_word' id='word_1_355' title='bbox 1642 2335 1680 2362; x_wconf 84' lang='lat' dir='ltr'>et</span> 
     </span>
     <span class='ocr_line' id='line_1_54' title="bbox 977 2380 1678 2426; baseline -0.007 -9"><span class='ocrx_word' id='word_1_356' title='bbox 977 2385 1214 2426; x_wconf 77' lang='lat' dir='ltr'>sandapilam:</span> <span class='ocrx_word' id='word_1_357' title='bbox 1246 2389 1284 2415; x_wconf 88' lang='lat' dir='ltr'>et</span> <span class='ocrx_word' id='word_1_358' title='bbox 1312 2382 1362 2414; x_wconf 83' lang='lat' dir='ltr'>sic</span> <span class='ocrx_word' id='word_1_359' title='bbox 1388 2386 1506 2423; x_wconf 80' lang='lat' dir='ltr'>posset</span> <span class='ocrx_word' id='word_1_360' title='bbox 1533 2380 1678 2422; x_wconf 81' lang='lat' dir='ltr'>intelligi</span> 
     </span>
     <span class='ocr_line' id='line_1_55' title="bbox 977 2430 1680 2472; baseline -0.009 -4"><span class='ocrx_word' id='word_1_361' title='bbox 977 2436 1092 2468; x_wconf 80' lang='lat' dir='ltr'>hostes</span> <span class='ocrx_word' id='word_1_362' title='bbox 1118 2433 1328 2466; x_wconf 76' lang='lat' dir='ltr'>invadendos</span> <span class='ocrx_word' id='word_1_363' title='bbox 1354 2431 1537 2472; x_wconf 79' lang='lat' dir='ltr'>esse,dum</span> <span class='ocrx_word' id='word_1_364' title='bbox 1550 2430 1680 2463; x_wconf 74' lang='lat' dir='ltr'>habent</span> 
     </span>
     <span class='ocr_line' id='line_1_56' title="bbox 977 2481 1678 2519; baseline -0.01 0"><span class='ocrx_word' id='word_1_365' title='bbox 977 2487 1088 2519; x_wconf 78' lang='lat' dir='ltr'>adhuc</span> <span class='ocrx_word' id='word_1_366' title='bbox 1104 2494 1223 2518; x_wconf 84' lang='lat' dir='ltr'>manus</span> <span class='ocrx_word' id='word_1_367' title='bbox 1239 2483 1394 2516; x_wconf 80' lang='lat' dir='ltr'>admotas</span> <span class='ocrx_word' id='word_1_368' title='bbox 1404 2481 1541 2515; x_wconf 76' lang='lat' dir='ltr'>feretris</span> <span class='ocrx_word' id='word_1_369' title='bbox 1549 2481 1678 2514; x_wconf 79' lang='lat' dir='ltr'>occiso-</span> 
     </span>
     <span class='ocr_line' id='line_1_57' title="bbox 976 2529 1678 2572; baseline -0.01 -4"><span class='ocrx_word' id='word_1_370' title='bbox 976 2546 1062 2569; x_wconf 89' lang='lat' dir='ltr'>rum.</span> <span class='ocrx_word' id='word_1_371' title='bbox 1107 2536 1177 2569; x_wconf 78' lang='lat' dir='ltr'>Qui</span> <span class='ocrx_word' id='word_1_372' title='bbox 1191 2543 1307 2566; x_wconf 83' lang='lat' dir='ltr'>sensus</span> <span class='ocrx_word' id='word_1_373' title='bbox 1323 2532 1460 2564; x_wconf 83' lang='lat' dir='ltr'>videtur</span> <span class='ocrx_word' id='word_1_374' title='bbox 1483 2539 1558 2563; x_wconf 78' lang='lat' dir='ltr'>esse</span> <span class='ocrx_word' id='word_1_375' title='bbox 1576 2529 1678 2572; x_wconf 69' lang='lat' dir='ltr'>huJus</span> 
     </span>
     <span class='ocr_line' id='line_1_58' title="bbox 975 2580 1678 2626; baseline -0.007 -8"><span class='ocrx_word' id='word_1_376' title='bbox 975 2586 1066 2626; x_wconf 91' lang='lat' dir='ltr'>loci;</span> <span class='ocrx_word' id='word_1_377' title='bbox 1099 2594 1178 2616; x_wconf 86' lang='lat' dir='ltr'>nam</span> <span class='ocrx_word' id='word_1_378' title='bbox 1209 2582 1378 2625; x_wconf 83' lang='lat' dir='ltr'>superiori</span> <span class='ocrx_word' id='word_1_379' title='bbox 1406 2590 1509 2615; x_wconf 79' lang='lat' dir='ltr'>versu</span> <span class='ocrx_word' id='word_1_380' title='bbox 1537 2580 1678 2622; x_wconf 78' lang='lat' dir='ltr'>dicitur,</span> 
     </span>
    </p>
   </div>
   <div class='ocr_carea' id='block_1_16' title="bbox 973 2683 1676 2782">
    <p class='ocr_par' dir='ltr' id='par_1_21' title="bbox 973 2683 1676 2782">
     <span class='ocr_line' id='line_1_59' title="bbox 1018 2683 1676 2727; baseline -0.006 -7"><span class='ocrx_word' id='word_1_381' title='bbox 1018 2691 1083 2720; x_wconf 79' lang='lat'>366</span> <span class='ocrx_word' id='word_1_382' title='bbox 1119 2685 1295 2727; x_wconf 70' lang='lat' dir='ltr'>Inachiae]</span> <span class='ocrx_word' id='word_1_383' title='bbox 1327 2684 1461 2727; x_wconf 82' lang='lat' dir='ltr'>Argivi.</span> <span class='ocrx_word' id='word_1_384' title='bbox 1507 2683 1676 2717; x_wconf 65' lang='lat' dir='ltr'>Cadmeius</span> 
     </span>
     <span class='ocr_line' id='line_1_60' title="bbox 973 2734 1622 2782; baseline -0.009 -9"><span class='ocrx_word' id='word_1_385' title='bbox 973 2739 1078 2781; x_wconf 78' lang='lat' dir='ltr'>heros]</span> <span class='ocrx_word' id='word_1_386' title='bbox 1100 2738 1294 2782; x_wconf 80' lang='lat' dir='ltr'>Polynices,</span> <span class='ocrx_word' id='word_1_387' title='bbox 1307 2745 1329 2769; x_wconf 76' lang='lat' dir='ltr'>a</span> <span class='ocrx_word' id='word_1_388' title='bbox 1340 2734 1470 2769; x_wconf 79' lang='lat' dir='ltr'>Cadmo</span> <span class='ocrx_word' id='word_1_389' title='bbox 1482 2744 1622 2777; x_wconf 79' lang='lat' dir='ltr'>proavo.</span> 
     </span>
    </p>
   </div>
  </div>
 </body>
</html>
