1820 3068
242 214 329 257 860
743 229 784 261 1³.
817 228 1010 261 PA1⁵1N11
1044 231 1211 263 srArn

244 320 377 364 Stant
392 321 437 364 in
456 335 565 377 rupe
586 327 758 366 tamen:
787 324 1000 378 fugientia
1022 327 1212 370 carbasa
1232 322 1331 370 visu

251 389 393 432 Dulce
416 392 561 445 sequi,
581 392 842 446 patriosque
863 393 1014 434 dolent
1035 396 1311 438 crebrescere
1334 402 1519 442 ventos:
1615 394 1618 397 ’
1657 399 1717 441 30

239 457 369 499 Stant
386 462 549 509 tamen,
571 463 616 500 et
634 463 785 501 notam
805 472 1006 514 puppem
1028 460 1084 502 de
1101 475 1208 516 rupe
1230 463 1439 507 salutant.

244 524 381 568 Nunc
397 525 519 577 mihi,
539 525 659 568 fama
678 527 816 581 prior,
838 526 1079 581 mundique
1101 540 1266 571 arcana
1284 535 1510 583 vetustas,

245 591 332 635 Cui
351 593 610 636 meminisse
631 593 810 646 ducum,
831 596 1036 650 vitasque
1056 596 1295 640 extendere
1317 612 1456 650 curae,

244 661 402 703 Pande
422 662 569 704 viros:
599 665 736 717 tuque
757 675 784 704 0
805 664 1000 705 nemoris
1020 665 1173 726 regina
1193 659 1360 718 sonori,
1703 710 1705 712 .

243 727 465 784 Calliope,
487 743 603 785 quas
622 731 698 772 ille
715 744 890 782 manus,
913 745 1017 786 quae
1036 734 1229 776 moverit
1250 747 1373 778 arma
1659 736 1717 778 35

244 795 487 849 Gradivus,
507 802 697 853 quantas
715 800 899 854 populis
920 801 1127 844 solaverit
1147 803 1295 855 urbes,

244 864 433 908 Sublata
452 867 609 908 molire
630 867 750 922 lyra:
781 881 863 910 nec
884 869 1001 910 enim
1024 870 1152 912 altior
1171 871 1249 912 ulli

244 931 377 975 Mens
396 933 560 976 hausto
575 935 630 976 de
650 935 771 977 fonte
791 936 928 978 venit.
987 936 1091 979 Rex
1110 938 1264 991 tristis,
1286 941 1331 981 et
1353 937 1470 994 aeger

234 1057 413 1099 jucundum
427 1065 475 1094 est
489 1061 610 1103 insequi
634 1062 730 1095 oculis
755 1064 825 1096 vela
846 1063 1006 1104 abeuntia,
1027 1068 1060 1097 et
1084 1067 1215 1098 moerent
1237 1064 1359 1107 patrios
1378 1068 1485 1097 ventos
1508 1064 1715 1098 invalescere.-

243 1107 330 1135 etant
344 1108 460 1144 tamen,
480 1108 512 1137 et
537 1106 575 1136 de
599 1107 723 1147 scopulo
744 1107 886 1139 salutant
908 1108 1041 1139 amicam
1066 1109 1182 1141 navim.
1228 1108 1340 1140 Prisca
1359 1108 1465 1149 fama,
1485 1111 1516 1140 et
1542 1110 1717 1141 veneranda

242 1146 327 1178 orbis
341 1147 528 1188 antiquitas,
549 1148 637 1188 cujus
652 1159 762 1181 munus
777 1153 835 1190 est,
861 1150 987 1182 heroum
1001 1152 1181 1183 memoriam
1197 1161 1389 1191 conservare,
1410 1154 1441 1182 et
1455 1151 1581 1182 nomina
1601 1153 1717 1192 produ-

241 1199 322 1229 cere,
345 1190 422 1222 mihi
436 1201 516 1222 nunc
531 1191 615 1222 viros
629 1201 774 1224 memora.
825 1193 865 1224 Et
879 1197 927 1230 tu,
941 1203 959 1224 ο
977 1193 1127 1234 Calliope,
1142 1195 1258 1226 vocalis
1272 1195 1368 1236 sylvoe
1391 1194 1529 1233 domina,
1549 1204 1625 1225 cane
1645 1194 1718 1225 sub-

244 1232 312 1263 limi
326 1233 460 1273 cithara,
483 1244 559 1274 quas
582 1235 637 1266 ille
653 1235 747 1266 Mars
762 1235 897 1268 excierit
910 1236 1064 1276 cohortes,
1085 1247 1154 1277 quae
1169 1246 1278 1274 arma,·
1300 1240 1330 1268 et
1356 1246 1433 1277 quae
1446 1237 1592 1268 civitates
1606 1237 1718 1269 incolis

243 1275 421 1308 exhauserit
433 1287 444 1309 .-
467 1277 546 1309 nulli
560 1277 643 1309 enim
658 1277 769 1309 celsior
782 1278 906 1310 animus
920 1278 1005 1310 venit
1018 1280 1057 1311 de
1079 1283 1151 1321 poto
1170 1279 1276 1319 sonte.
1320 1280 1393 1312 Rex
1406 1279 1565 1312 Adrastus
1579 1279 1718 1320 moestus,

858 1374 898 1386 Ν
901 1373 1099 1387 ΟΟΟΟΟΟΟΟΟ

244 1442 299 1475 31.
316 1447 396 1476 sunt
421 1443 455 1476 in
482 1444 634 1484 margine
661 1443 796 1487 scripti,
812 1444 907 1478 vario
923 1445 1023 1487 stylo,
1039 1456 1124 1489 quos
1149 1446 1294 1488 praefixa
1317 1451 1400 1480 nota
1416 1446 1530 1489 rejicit
1547 1451 1624 1489 post
1640 1456 1715 1480 ver-

243 1495 317 1518 sum
332 1498 340 1517 :
367 1487 520 1527 Brachia,
533 1490 589 1528 esc.
608 1494 680 1520 tum
697 1493 906 1530 sequuntur:
930 1490 1026 1522 Stant
1042 1491 1076 1522 in
1091 1500 1167 1532 rupe
1182 1490 1324 1528 tumens.
1343 1502 1369 1523 c.
1383 1501 1413 1523 v.
1433 1491 1529 1523 Dulce
1541 1501 1569 1522 ε.
1586 1494 1620 1532 p.
1637 1492 1670 1523 11.
1685 1501 1713 1523 c.

242 1538 273 1560 v.
296 1529 359 1562 Hit·
380 1540 493 1570 magno
506 1532 626 1563 caluere
651 1532 732 1563 mari
756 1533 945 1572 tenduntque
965 1533 1122 1574 relinqui3
1143 1534 1201 1576 qui
1225 1534 1401 1574 proximus
1425 1542 1556 1572 versus,
1571 1533 1716 1565 inducta

242 1571 348 1610 linea,
366 1574 498 1605 recenti
514 1584 615 1607 manu
641 1574 776 1606 deletus
792 1580 858 1607 est.
882 1576 1011 1607 Versus
1025 1578 1079 1608 29.
1095 1579 1149 1608 30.
1174 1576 1300 1608 desunt
1323 1576 1358 1607 in
1384 1575 1588 1618 quibusdam
1612 1576 1714 1608 codd.

243 1615 503 1657 Lindenbrogii.
545 1618 555 1634 ⁶
576 1617 648 1648 Nos
665 1626 723 1648 eos
740 1622 778 1648 ut
794 1618 828 1648 in
857 1618 1014 1650 omnibus
1041 1619 1164 1650 nostris
1180 1618 1280 1651 codd.
1304 1625 1461 1650 extantes
1476 1618 1614 1651 minime
1630 1619 1713 1651 sede

243 1662 314 1690 tam
333 1663 468 1690 vetusta
483 1669 544 1691 sua
572 1659 761 1700 turbamus,
774 1670 851 1691 cum
879 1666 1051 1701 praeterea
1073 1671 1211 1702 prorsus
1227 1662 1418 1694 statianum
1445 1666 1481 1693 et
1504 1661 1662 1702 spiritum
1679 1666 1715 1693 et

242 1701 408 1743 loquendi
425 1712 551 1734 morem
567 1707 721 1735 teneant.
767 1703 887 1735 Potius
901 1709 953 1736 est
966 1709 1005 1736 ut
1021 1704 1115 1736 illum
1133 1705 1302 1744 tollamus,
1314 1704 1370 1746 qui
1383 1704 1444 1736 hos
1461 1704 1546 1735 duos
1557 1713 1715 1746 sequens,

242 1744 471 1776 Scholiastico
498 1746 611 1786 aliquo
628 1755 700 1777 rem
726 1755 788 1786 pro
810 1750 915 1787 captu
942 1756 1002 1779 suo
1027 1747 1185 1788 gnaviter
1200 1753 1355 1788 gerente,
1370 1748 1402 1778 in
1418 1747 1604 1788 Epitomen
1625 1747 1714 1779 redi-

243 1797 327 1828 gere
352 1788 472 1827 voluit,
488 1794 524 1820 et
552 1789 657 1820 verba
683 1798 800 1820 eorum
827 1799 903 1830 quae
931 1790 1125 1821 necessaria
1146 1790 1307 1822 arbitrari
1334 1790 1458 1831 potuit,
1484 1791 1717 1829 conservavit,

199 1841 202 1845 ’
242 1829 340 1866 Nihil
356 1831 493 1870 certius,
508 1836 543 1862 et
559 1832 608 1863 sic
623 1841 812 1863 censemus.
844 1831 1005 1873 Optimus
1021 1833 1106 1865 liber
1122 1833 1226 1865 habet
1243 1832 1380 1874 quidem
1393 1842 1470 1864 eum
1488 1842 1637 1873 versum,
1653 1833 1713 1865 sed
1752 1839 1755 1843 ·

243 1872 323 1905 ideo
341 1874 435 1905 velut
462 1880 583 1905 notare
611 1883 687 1905 eum
715 1874 865 1914 videtur,
888 1876 976 1915 quod
997 1875 1079 1907 1111111
1102 1876 1178 1917 ejus
1201 1875 1488 1916 interpretatione
1515 1879 1575 1907 ant
1603 1876 1715 1916 glossa

245 1916 363 1958 aliqua
386 1916 568 1957 dignatur.'
582 1917 790 1949 Barth.—-34
817 1917 846 1948 Ο
868 1918 1002 1949 nemoris
1022 1917 1132 1958 regina
1156 1919 1255 1950 sorori
1270 1917 1375 1950 Aldd.
1398 1918 1509 1950 Colin.
1529 1918 1662 1959 Gryph.
1677 1925 1714 1950 01

243 1959 351 1991 Basil.
369 1959 567 1991 Bernartius
591 1969 633 1991 ex
660 1960 740 1991 edd.
758 1960 900 1992 Venett.
917 1963 948 1992 3.
966 1964 997 1993 4.
1020 1965 1056 1993 01
1072 1961 1312 2002 manuscriptis
1338 1961 1406 1992 suis
1422 1961 1573 1992 correxit
1587 1962 1714 1999 sonori,-

245 2001 336 2043 quod
360 2002 417 2034 alii
444 2002 545 2034 codd.
561 2008 596 2034 et
620 2002 701 2034 edd.
730 2002 990 2035 exhibent.—36
1012 2004 1175 2035 Petrens.
1202 2004 1287 2035 Exc.
1309 2003 1452 2035 Cantab.
1473 2004 1563 2035 Dan.
1589 2003 1712 2036 Petav.

242 2045 352 2086 Lang.
383 2045 485 2077 Laur.
517 2045 648 2077 Buslid.
680 2045 834 2086 Lipsian.
861 2050 1005 2087 uterque
1036 2046 1160 2079 Behot.
1187 2047 1330 2078 Venett.
1356 2049 1387 2077 3.
1410 2048 1442 2078 4.
1467 2045 1571 2078 Aldd.
1599 2046 1711 2078 Colin.

245 2087 379 2129 Gryph.
405 2088 510 2120 Basu.
540 2088 654 2119 Plant.
684 2087 917 2129 Lindenbrog.
939 2089 1041 2122 Cruc.
1067 2094 1102 2121 et
1129 2089 1273 2121 Gevart.
1296 2089 1478 2130 spoliaverit
1496 2089 1608 2126 urbem
1631 2089 1711 2122 Put.

243 2129 363 2162 Burm.
380 2134 416 2163 et
430 2131 509 2162 libri
525 2131 644 2172 quibus
656 2140 737 2162 usus
751 2130 872 2163 Justus
889 2131 1153 2173 Zinzerlingius,
1171 2142 1245 2164 cum
1265 2131 1412 2163 Amstel.
1426 2131 1577 2163 Gronov.
1593 2132 1712 2163 Barth.

244 2173 355 2206 veen.
372 2178 409 2205 et
425 2174 554 2214 Delph.
575 2174 723 2206 solaverit
737 2173 925 2206 urben—37
949 2175 1108 2207 Petreus.
1124 2176 1208 2207 Exc.
1223 2174 1368 2207 Cantab.
1384 2179 1420 2206 et
1437 2173 1537 2206 codd.
1562 2173 1711 2206 Handii:

243 2224 340 2258 neque
353 2217 460 2254 enim;
483 2216 574 2259 quod
598 2217 655 2248 1110
682 2216 936 2249 restituendum
961 2221 1099 2258 censet3
1122 2218 1223 2251 etsie
1248 2217 1340 2250 alibi.
1363 2216 1452 2248 Vide
1468 2217 1510 2248 ad
1528 2217 1620 2258 SylV.
1637 2225 1662 2249 1.
1677 2220 1710 2249 2.

907 2315 1049 2349 NOTAE

287 2389 329 2418 30
354 2386 468 2418 Dotem
490 2385 697 2428 crebrescere]
721 2386 811 2421 Quia
833 2386 872 2419 iis
900 2387 949 2419 vi·
1048 2390 1089 2420 35
1119 2385 1275 2428 Calliope]
1292 2386 1368 2418 Una
1383 2395 1426 2418 ex
1441 2379 1562 2424 Musis,
1577 2394 1710 2417 earum-

245 2447 319 2471 sum
334 2437 475 2470 dilectae
486 2437 583 2469 navis
600 2438 673 2469 cito
689 2437 842 2480 erepturi
858 2441 949 2470 sunt.
1006 2448 1072 2480 que
1102 2437 1291 2480 praecipua,
1321 2441 1430 2468 mater
1461 2434 1605 2476 Orphei,
1634 2445 1710 2477 quze

289 2492 330 2521 31
370 2489 423 2521 De
458 2498 535 2530 rupe
570 2489 724 2529 salutant]
768 2490 830 2520 Est
868 2498 950 2529 ergo
1004 2489 1144 2521 carmini
1159 2488 1299 2519 heroico
1317 2494 1467 2528 praeesse
1482 2485 1645 2517 creditur.

244 2541 255 2559 ‘
269 2541 420 2572 salutare
433 2539 442 2555 '
466 2540 570 2572 etiam
587 2531 792 2572 abeuntibus
819 2539 948 2572 valedi-
1048 2543 1089 2572 37
1110 2539 1243 2571 Sublata
1259 2537 1345 2579 lyra]
1378 2536 1420 2568 Id
1437 2541 1502 2576 est,
1517 2535 1653 2567 sublimi
1674 2538 1710 2567 et

244 2600 339 2623 cere.
1004 2589 1142 2621 heroico
1159 2588 1259 2630 stylo.
1292 2587 1348 2619 Sic
1365 2585 1548 2618 Tiburtino
1565 2584 1685 2616 Manlii
1701 2595 1709 2617 ε

288 2643 331 2673 34
355 2641 504 2674 Nemon’s
517 2640 639 2682 sonori]
662 2641 783 2673 Nemus
796 2650 952 2682 sonorum,
1005 2639 1015 2658 ‘
1028 2639 1107 2671 Sive
1124 2638 1246 2679 chelyn
1264 2637 1363 2669 tonas
1384 2636 1487 2668 heroa
1503 2635 1546 2668 ad
1562 2633 1711 2668 robora.¹

243 2694 297 2725 est
318 2700 438 2723 nemus
463 2690 681 2723 Heliconium
705 2690 819 2722 natale
833 2690 952 2723 Musa·
1048 2692 1090 2722 88
1114 2688 1232 2729 Fonte]
1249 2688 1404 2729 Pyrenes
1420 2695 1483 2718 seu
1495 2684 1712 2729 Aganippes,

246 2751 333 2782 rum,
347 2741 438 2784 quod
455 2745 618 2782 personat
641 2745 746 2773 cantu
761 2741 950 2774 Musarum.
1004 2743 1064 2771 aut
1078 2738 1146 2771 alio
1160 2737 1280 2782 quovis
1292 2736 1398 2770 Musis
1413 2741 1626 2779 consecrato,
1639 2738 1713 2781 qui-

245 2793 312 2826 Vel
325 2802 468 2826 sonorum
483 2791 539 2825 hic
554 2791 709 2829 sumitur,
726 2800 789 2834 pro
806 2790 948 2824 celebri.
1003 2790 1065 2824 bus
1078 2790 1171 2833 potis
1188 2787 1317 2822 Po'e‘tas
1329 2787 1406 2823 fieri
1430 2787 1606 2823 dicebant.
1652 2789 1711 2822 In-
