1820 3068
199 235 286 278 766

702 244 743 273 Ρ.
775 242 968 274 ΡΑΡῙΝῙῘ

1003 242 1170 274 STATH

200 341 409 383 Membra
430 339 524 382 solo
546 337 785 392 Periphas,
805 338 891 393 (nil
913 338 1061 380 indole
1083 338 1247 380 clarius
1268 338 1362 390 illa,

199 410 300 452 Nec
322 410 484 463 pietate
506 404 631 459 fuit,)
649 406 766 450 laeva
786 406 1029 448 marcentia
1049 406 1167 447 colla

200 478 480 524 Sustentans,
504 474 753 527 dextraque
775 474 897 515 latus
916 487 926 516 ε

957 474 1223 527 singultibus
1242 478 1408 516 arctum

200 545 419 587 Exhaurit
440 542 624 585 thoraca
643 542 794 584 dolor:
823 554 908 583 nec
924 541 1077 583 vincla
1097 540 1309 583 coercent

198 613 454 654 Undantem
474 611 582 652 fietu
599 610 786 664 galeam,
808 623 908 651 cum
927 609 1071 651 multa
1089 609 1279 663 gementi

199 682 325 723 Pone
345 679 492 734 gravis
513 691 673 720 curvas
693 677 921 732 perfringit
939 677 1099 719 lancea
1118 680 1285 718 costas.

1579 609 1666 651 635

198 749 308 792 Exit
327 754 373 791 et
390 750 435 790 in
454 748 648 798 fratrem,
671 753 947 802 cognataque
967 751 1155 802 pectora
1175 746 1266 788 telo

201 817 434 860 Conserit:
465 816 541 858 ille
562 815 722 858 oculos
742 816 984 857 etiamnum
1004 816 1050 856 in
1070 815 1170 857 luce
1191 818 1398 856 natantes

199 886 343 935 Sistit,
364 890 409 926 et
425 888 619 939 aspecta
637 883 834 937 germani
854 886 1010 932 morte,
1032 882 1233 924 resolvit.

200 953 262 994 At
281 953 355 995 cui
376 953 470 994 vita
487 964 656 1001 recem,
675 956 721 992 et
741 950 885 992 adhuc
905 951 949 992 in
967 950 1146 992 vulnere
1166 950 1303 1000 vireS,

1578 949 1666 992 640

197 1021 299 1063 Hos
321 1021 403 1062 tibi
421 1019 703 1074 complexus,
722 1019 822 1061 haec
843 1018 962 1070 dent,
983 1019 1059 1069 ait,
1082 1018 1239 1060 oscula
1260 1017 1367 1060 nati.

197 1090 482 1132 Procubuere
502 1101 638 1142 pares
656 1087 782 1138 fatis,
802 1085 1078 1142 (miserabile
1098 1091 1250 1128 votum

195 1205 357 1238 morientis
362 1205 496 1247 fratris,
509 1206 608 1248 (nihil
616 1207 820 1248 prcestantius
827 1206 902 1246 fuit
915 1206 972 1237 hac
987 1206 1102 1250 indole,
1115 1210 1148 1238 et
1159 1207 1213 1240 illo
1227 1207 1261 1240 in
1268 1207 1411 1248 fratrem
1423 1206 1557 1249 amore,)
1570 1205 1667 1239 sueti·

195 1258 272 1280 nens
284 1250 415 1281 sinistra
428 1251 610 1289 languidum
617 1250 681 1289 <jus
693 1253 798 1291 caput,
811 1254 843 1281 et
857 1251 971 1281 dextra
985 1251 1078 1281 latus.
1096 1250 1196 1282 Dolor
1209 1252 1410 1284 succutiendo
1421 1254 1530 1292 pectus
1542 1249 1663 1289 singul-

194 1291 279 1323 tibus
293 1293 469 1333 comprimit
483 1293 652 1332 thoracem,
666 1296 697 1325 et
713 1302 810 1325 nexus
833 1303 896 1324 non
921 1292 1060 1324 retinent
1086 1293 1212 1333 galeam
1234 1294 1357 1335 plenam
1372 1294 1532 1336 lacrymis.
1580 1293 1661 1324 Cum

194 1335 327 1367 multum
340 1336 517 1376 plangeret,
532 1336 645 1368 acerba
658 1336 765 1367 lancea
779 1336 809 1367 ei
828 1345 907 1375 pone
917 1335 1093 1376 perforavit
1113 1346 1226 1368 curvas
1239 1340 1353 1377 costas,
1367 1342 1399 1369 et
1413 1336 1478 1368 hoec
1494 1336 1610 1368 transit
1625 1335 1661 1366 in

185 1377 337 1416 fratrem,
352 1382 383 1410 et
399 1380 505 1410 eodem
520 1379 579 1411 telo
593 1378 756 1419 conjungit
771 1379 1000 1418 consanguinea
1013 1382 1150 1418 pectora.
1193 1380 1255 1411 Ille
1269 1379 1390 1412 detinet
1404 1383 1527 1421 apertos
1540 1379 1656 1416 oculos,

194 1420 296 1452 adhuc
310 1421 344 1452 in
360 1421 473 1453 lumine
488 1424 641 1462 errantes,
654 1425 686 1452 et
701 1422 814 1452 clausit
828 1431 880 1453 eos
893 1421 959 1452 vieo
967 1420 1076 1459 fratre
1086 1421 1269 1453 moribundo
1280 1433 1292 1454 .·
1311 1426 1346 1454 at
1361 1423 1529 1463 Periphas,
1542 1421 1594 1453 cui
1608 1429 1662 1451 su·

191 1467 320 1502 perer-at
335 1464 412 1504 vita,
427 1467 459 1495 et
473 1465 524 1495 cui
542 1466 640 1505 plaga
653 1474 715 1496 non
729 1465 887 1496 ademerat
903 1467 986 1495 totas
999 1464 1083 1495 vire-3
1094 1475 1105 1495 .·
1122 1465 1204 1504 Hos,
1216 1465 1333 1506 inquit,
1348 1476 1366 1497 o
1384 1466 1505 1507 Tydeu,
1518 1465 1587 1496 nati
1602 1462 1662 1494 tibi

190 1506 352 1546 praebeant
373 1508 548 1548 amplexus,
562 1511 594 1540 et
616 1507 682 1540 haec
696 1508 810 1539 osculo.
856 1507 1003 1539 Cecidere
1017 1507 1117 1539 simili
1129 1510 1227 1548 sorte,
1241 1507 1361 1550 (votum
1376 1508 1487 1540 mortio
1501 1507 1662 1549 deploran-

816 1604 1059 1616 ‘mmm-O

194 1668 348 1709 Lipsian.
371 1669 464 1701 Dan.
489 1668 571 1701 Put.
591 1668 713 1701 Petav.
741 1669 882 1700 Venett.
908 1671 940 1701 3.
954 1670 988 1700 4.
1006 1669 1104 1700 Rom.
1129 1668 1233 1702 Aldd.
1250 1669 1361 1702 Colin.
1390 1669 1526 1711 Gryph.
1555 1669 1665 1702 Basil-

194 1712 312 1744 Plant.
327 1712 560 1752 Lindenbrog.
578 1712 680 1744 eruc.
695 1716 731 1743 et
747 1711 891 1744 Gevart.
907 1711 1076 1743 Arcuerim
1091 1712 1180 1754 conj.
1197 1712 1422 1752 Reman-tium
1444 1714 1510 1745 hoc
1525 1711 1662 1744 firmant

193 1754 332 1786 Taurin.
357 1754 520 1786 Petrens.
536 1755 624 1786 Exc.
642 1755 788 1787 Cantab.
804 1756 942 1795 optimae
960 1754 1094 1785 Barthii
1115 1755 1337 1795 membranae,
1351 1759 1387 1788 et
1401 1755 1567 1787 exhibent
1580 1755 1662 1788 Am-

193 1798 270 1830 stel.
285 1797 438 1830 Gronov.
455 1798 575 1829 Barth.
589 1798 700 1829 Veen.
716 1800 754 1829 et
767 1797 1000 1838 Dema—633
1025 1796 1212 1830 Substeneat
1226 1798 1344 1830 Bnrm.
1357 1797 1447 1830 Vide
1463 1798 1505 1829 ad
1523 1807 1572 1830 vs.
1584 1801 1662 1830 510.

193 1843 270 1873 546.
292 1840 436 1872 διιείὲεαι
452 1840 604 1881 Lipsian.
619 1843 723 1871 artum
751 1844 896 1881 uterque
912 1839 1148 1872 Remu—636
1169 1840 1310 1872 Taurin.
1333 1841 1545 1882 perstringit,·
1568 1841 1662 1874 Dan.

193 1883 318 1915 Petav.
334 1893 420 1914 unus
444 1883 568 1915 Behot.
592 1881 698 1914 Aldd.
721 1882 831 1914 Colin.
847 1882 980 1923 Gryph.
998 1882 1104 1914 Basil.
1130 1883 1249 1917 Plant.
1265 1883 1408 1915 Gevart.
1430 1883 1663 1924 Lindenbrog.

194 1929 231 1957 et
246 1926 349 1958 Cruc.
360 1926 550 1968 perstrinxit
561 1936 574 1963 ;
597 1925 738 1966 optimae
752 1925 884 1957 Barthii
899 1924 1117 1964 membranae,
1132 1926 1283 1967 Lipsian.
1295 1926 1402 1967 Lang.
1412 1927 1511 1958 Laur.
1525 1925 1661 1960 Buslid.

193 1968 355 2000 Petrens.
372 1969 491 1999 Burm.
505 1968 590 2000 Exc.
605 1968 752 2000 Cantab.
771 1968 860 2000 alter
874 1967 999 1998 Behot.
1015 1968 1097 1998 Pnt.
1109 1968 1245 2000 Venett.
1261 1967 1360 2000 Rom.
1376 1968 1521 2000 Amstel.
1538 1968 1659 2000 Barth.

193 2011 305 2043 Veen.
332 2015 369 2043 et
398 2011 523 2051 Delph.
547 2010 746 2051 perfringit;
770 2010 860 2051 quod
887 2010 1041 2051 pluribus
1068 2011 1189 2042 astruit
1213 2011 1295 2043 Nic.
1318 2011 1482 2043 Heinsius
1497 2010 1541 2042 ad
1558 2010 1663 2042 Ovid.

193 2054 284 2085 Met.
312 2062 381 2085 xu.
406 2056 482 2085 273.
509 2057 610 2085 costas
632 2064 665 2094 p.
680 2054 702 2085 l.
727 2063 841 2084 curvas
864 2062 951 2084 unus
977 2052 1211 2085 Bellon—638
1234 2053 1316 2085 Put.
1340 2057 1372 2085 et
1398 2054 1498 2085 adhuc
1522 2054 1558 2084 in
1578 2054 1662 2090 luce,-

193 2096 314 2128 Burm.
341 2097 437 2128 etiam
459 2106 541 2127 nunc
566 2097 657 2133 ἶπες
682 2095 907 2127 Marklandus
934 2095 976 2126 ad
1002 2095 1096 2135 Sylv.
1113 2099 1220 2128 111.5.
1235 2098 1291 2128 39.
1314 2096 1403 2137 conj.
1427 2099 1570 2128 extrema
1594 2097 1662 2127 luce

192 2141 460 2171 natantem—640
480 2139 617 2170 Taurin.
639 2139 740 2170 adhuc
765 2139 800 2170 in
822 2147 959 2179 corpore.
983 2137 1070 2168 Vide
1092 2137 1174 2171 Nic.
1198 2138 1321 2172 Heim.
1350 2144 1388 2171 et
1401 2138 1444 2171 P.
1467 2139 1588 2170 Burm.
1616 2138 1660 2170 ad

194 2181 300 2215 ovid.
316 2182 404 2214 Met.
421 2190 459 2214 ν.
473 2183 636 2214 94.-642
659 2182 777 2213 Burm.
800 2180 1126 2219 miserabilesactum‚·
1149 2180 1211 2213 sed
1233 2186 1427 2215 correctum
1443 2181 1478 2213 in
1493 2179 1660 2223 margine.

857 2277 1000 2310 No'rAE

235 2343 299 2373 633
337 2341 537 2382 Singultibus
571 2345 695 2374 arctum
741 2341 901 2374 Exhaurit

193 2391 321 2424 thoraca
333 2392 436 2432 dolor]
461 2392 553 2426 Quia
580 2392 808 2433 singultiendo
831 2391 901 2424 fre-

194 2447 342 2484 quenter
358 2443 576 2475 succutiebat
600 2447 735 2484 pectus,
754 2443 902 2484 hincque

192 2492 316 2524 thorax
330 2493 457 2525 arctior
471 2498 559 2525 erat.

236 2545 302 2574 6³4
339 2543 411 2575 Nec
439 2542 541 2574 vincla
565 2542 720 2584 coercent]
755 2542 901 2574 Galeam

194 2593 258 2625 sub
285 2593 375 2625 collo
402 2603 571 2625 annexam
607 2593 680 2625 loro
716 2593 902 2634 habebant,

195 2643 286 2684 quod
303 2643 475 2675 Homerus
491 2648 595 2676 vocat
610 2643 701 2684 ὄχεα,
715 2643 759 2676 11.
775 2647 811 2676 Γ.

236 2695 300 2725 637
326 2694 407 2726 Exit
420 2697 451 2726 et
465 2694 501 2726 in
508 2694 664 2735 fratrem]
686 2694 817 2736 Supple
831 2695 900 2726 lau·

195 2752 270 2775 cea.
316 2743 461 2783 cognata
478 2744 620 2786 pectora]
659 2744 749 2778 Quia
773 2743 900 2777 fratrea

196 2797 308 2825 erant.

997 2343 1061 2373 638
1084 2339 1161 2383 Ille]
1184 2339 1252 2375 Qui
1267 2340 1362 2383 prior
1383 2340 1580 2373 vulneratus
1607 2339 1661 2373 fu·

955 2396 1062 2474 erza-9
1093 2441 1253 2483 Resolvit]
1289 2441 1446 2484 Laxavit,
1480 2424 1566 2485 quoe
1599 2441 1659 2474 de-

953 2491 1112 2525 ficientes
1135 2493 1347 2526 sustinuerat
1365 2496 1404 2525 ut
1430 2492 1568 2525 videret
1589 2491 1658 2525 fra·

956 2548 1060 2625 “egl
1097 2591 1175 2633 Ait]
1213 2591 1380 2634 Periphas
1398 2603 1409 2634 ;
1444 2595 1482 2624 et
1520 2592 1658 2634 supple,

954 2641 1086 2684 Tydeo.

997 2696 1062 2726 642
1085 2693 1269 2727 miserabile
1291 2697 1400 2726 votum
1424 2691 1560 2735 Mon-tie]
1582 2693 1656 2735 Op-

955 2748 1114 2776 taverant
1130 2743 1267 2786 quidem
1283 2742 1385 2775 simul
1409 2743 1510 2784 mori,
1532 2751 1576 2774 ue
1599 2742 1658 2785 qui

955 2798 1128 2836 superstes
1145 2798 1249 2834 esset,
1263 2793 1417 2826 dolorem
1430 2793 1550 2826 mortis
1566 2794 1651 2826 alte-
