1820 3068
224 220 339 265 1030
726 233 771 264 P.
804 232 995 265 nemu
1027 233 1194 266 srA'rn

220 327 297 370 Sic
319 328 458 370 alium
475 340 537 370 ex
556 328 659 379 alio,
679 340 934 384 quanquam
954 329 1136 382 lassata,
1154 331 1373 386 fragorem

226 396 424 438 Pectora
443 396 768 449 congeminant,
786 396 1090 452 integratoque
1110 399 1325 442 resultant

223 462 446 505 Accensae
466 463 662 505 clamore
683 463 828 506 fores:
859 477 1031 506 sensere
1057 465 1238 520 Pelasgi

227 531 466 582 Invidiam,
487 536 535 573 et
554 532 766 586 lacrymis
787 538 1008 575 excusant
1029 535 1193 576 crimen
1215 536 1401 578 obortis.

227 599 347 653 Ipse,
369 598 522 642 datum
543 600 736 654 quotieS‚
757 600 1063 655 intereisoque
1083 603 1273 644 tumultu
1639 602 1697 647 45.

229 667 459 710 Conticuit
480 667 740 723 stupefacta
759 668 936 720 domus,
957 670 1128 712 solatur
1151 669 1373 714 Adrastus

228 735 456 791 Alloquiis
475 737 719 790 genitorem
739 737 881 780 ultro:
912 750 1028 779 nunc
1046 738 1138 781 fata
1157 752 1393 782 recensens

227 803 414 859 Resque
434 804 660 847 hominum
680 805 831 856 duras,
851 810 898 846 et
917 805 1195 850 inexorabile
1217 821 1403 862 pensum
1420 820 1432 858 ;

229 872 363 914 Nunc
382 873 516 915 aliam
535 874 723 928 prolem,
743 887 1041 930 mansuraque
1057 878 1233 918 numine
1253 875 1411 918 dextro

227 940 449 994 Pignora:
478 943 676 984 nondum
698 943 813 985 orsis
833 944 1011 995 modus,
1031 948 1077 986 et
1094 944 1292 987 lamenta
1310 943 1524 986 redibant.
1641 944 1699 984 50

228 1008 313 1050 Ille
334 1022 514 1064 quoque
535 1009 699 1052 affatus
717 1024 802 1052 non
819 1011 999 1053 mollius
1022 1012 1147 1053 audit
1165 1012 1349 1062 amicos,

230 1075 379 1126 Quam
402 1077 539 1119 trucis
561 1077 681 1120 Ionii
699 1078 848 1120 rabies
870 1078 1111 1121 clamantia
1131 1083 1274 1133 ponto

228 1143 356 1186 Vota
376 1145 532 1196 virum,
553 1151 632 1189 aut
651 1149 805 1189 tenues
825 1150 984 1190 curant
999 1160 1116 1202 vaga
1132 1147 1321 1190 fulmina
1339 1148 1525 1189 nimbos.

221 1279 368 1319 fatigata
382 1279 501 1311 iterant
514 1278 613 1311 alium
636 1290 678 1312 εει·
698 1281 762 1313 alio
783 1282 956 1322 planctum,
981 1284 1013 1312 et
1037 1281 1148 1313 limina
1173 1282 1358 1323 respondent
1380 1290 1527 1322 percussa
1541 1281 1699 1312 renovatis

228 1322 406 1361 ejulatibus.
449 1321 655 1362 Agnovemnt
676 1324 786 1357 Groeci
805 1323 869 1356 sibi
882 1324 1034 1365 imputari
1049 1328 1177 1356 mortem
1198 1324 1342 1364 infantis,
1363 1327 1396 1356 et
1420 1322 1532 1365 effusis
1551 1323 1699 1364 lacrymis

228 1366 328 1397 scelus
343 1370 506 1397 excusant.
547 1366 618 1406 Ipse
632 1367 729 1398 eiiam
743 1367 912 1405 Adrastus,
928 1368 1047 1407 quoties
1057 1367 1164 1406 licuit,
1178 1377 1215 1399 ac
1229 1367 1348 1410 afflicta
1354 1366 1483 1406 fmilia
1496 1365 1586 1397 siluit
1599 1365 1698 1396 inler-

228 1411 321 1450 rupto
332 1409 482 1448 fragore,
496 1408 626 1448 mitigat
639 1409 831 1441 sernwnibus
847 1411 970 1450 patrem
979 1420 990 1440 .·
1011 1419 1094 1451 nunc
1107 1420 1281 1442 memorans
1293 1409 1382 1449 fata,
1396 1413 1427 1441 et
1442 1409 1586 1440 miseram
1599 1407 1698 1439 homi-

228 1460 304 1483 num
317 1451 537 1490 conditionem,
551 1455 583 1483 et
598 1452 721 1484 Parcas
734 1452 945 1492 inflexibiles:
967 1462 1050 1484 nunc
1069 1454 1255 1493 promittens
1269 1452 1365 1484 aliam
1377 1452 1522 1490 sobolem,
1543 1454 1576 1483 et
1598 1450 1698 1482 vicla-

229 1503 282 1525 ros
294 1493 409 1525 liberos
422 1493 610 1533 faventibus
627 1495 719 1528 Diis.
764 1495 914 1526 Nondum
926 1495 1192 1537 finemffoquendi
1205 1496 1345 1535 fecerat,
1365 1498 1398 1527 et
1417 1495 1550 1534 ejulatu
1569 1502 1698 1525 renova-

231 1536 356 1569 bantur.
392 1537 460 1568 Hic
472 1546 534 1568 non
547 1538 639 1570 audit
652 1538 753 1570 lenius
766 1538 881 1569 amicos
893 1547 1058 1578 sermones,
1069 1539 1263 1579 quamsuror
1276 1539 1378 1578 asperi
1390 1537 1475 1569 Ionii
1488 1536 1596 1568 Mar-ic
1607 1537 1700 1567 audit

229 1589 334 1620 preces
356 1580 587 1622 navigantium,
600 1580 653 1622 qni
667 1580 838 1623 implorant
851 1590 938 1622 opem
953 1581 1108 1624 Deorum,
1117 1584 1173 1613 aut
1187 1581 1328 1613 errantia
1339 1579 1480 1619 fulmina
1501 1582 1611 1612 curant
1625 1587 1699 1620 par-

847 1686 1089 1702 MOOONM

233 1765 413 1807 sograpbi:
437 1765 547 1798 limina
572 1766 760 1806 regim—44
783 1765 888 1799 Aldd.
912 1766 1023 1798 Colin.
1055 1765 1187 1807 Gryph.
1225 1770 1261 1797 et
1290 1764 1396 1797 Basil.
1424 1765 1541 1796 crimen
1563 1764 1704 1802 obortis,-

186 1821 188 1824 ’
233 1810 323 1850 quod
343 1808 495 1841 retinent
519 1809 627 1850 Lang.
651 1809 755 1841 Laur.
778 1814 816 1841 et
839 1809 994 1850 Lipsian.
1039 1809 1223 1840 ‘Levicuia
1245 1809 1318 1840 haec
1342 1807 1562 1840 emendatio:
1584 1807 1701 1840 crimen

228 1853 361 1892 obortis,
378 1851 614 1884 aanlidiano
631 1852 752 1884 codice
768 1856 835 1891 est,
859 1851 919 1883 sed
945 1862 1023 1894 quae
1051 1851 1094 1882 ad
1120 1851 1303 1883 seutentiae
1331 1850 1442 1883 lucem
1468 1848 1578 1882 facit!
1598 1850 1700 1882 Rern.

236 1896 312 1927 Hoc
328 1899 503 1927 testantur
515 1895 609 1927 Dan.
624 1894 708 1927 Pnt.
725 1895 851 1927 Petav.
867 1895 1029 1926 Petrens.
1044 1894 1183 1925 Tanrin.
1199 1898 1235 1926 et
1250 1894 1402 1925 retinent
1415 1893 1532 1925 Plant.
1555 1892 1703 1925 Gevart.

234 1938 393 1970 Grasser.
411 1937 643 1978 Lindenbrog.
659 1938 761 1970 Cruc.
776 1937 921 1970 Amstel.
944 1937 1100 1969 Gronov„
1116 1937 1238 1970 Barth.
1259 1941 1295 1968 et
1318 1936 1508 1968 Veen.—5l
1537 1935 1605 1967 Hic
1625 1945 1701 1967 ver-

234 1991 302 2020 sus,
319 1986 356 2013 et
368 1981 437 2013 duo
452 1981 599 2022 proximi
614 1981 834 2022 insequentes
850 1980 975 2012 desunt
1000 1980 1258 2012 Puteano.·—53
1282 1980 1412 2012 Omnes
1440 1978 1642 2010 Barthiani:
1664 1988 1703 2009 ac

233 2028 351 2057 tenues.
375 2024 532 2066 Lipsian.
559 2027 598 2056 et
621 2023 764 2056 Venett.
786 2033 869 2064 saga
889 2023 1054 2065 flumina,·
1074 2023 1182 2064 hang.
1207 2023 1312 2056 Laur.
1334 2021 1468 2055 anlid.
1496 2022 1588 2054 Dan.
1616 2021 1701 2054 Put-

896 2121 1045 2155 NOTAE

278 2196 318 2225 41
352 2194 527 2233 Fragorem
541 2192 679 2224 Pectora
707 2192 942 2234 congeminant]
1040 2194 1084 2224 49
1105 2190 1336 2232 Mamm-aque]
1352 2190 1494 2232 Supple,
1509 2188 1559 2221 illi
1572 2188 1705 2234 sutura,

234 2243 443 2276 'fundebant
458 2243 548 2275 enim
564 2242 629 2274 sibi
646 2247 768 2284 peetus
785 2243 818 2274 in
835 2243 942 2275 luctu.
997 2250 1058 2275 seu
1071 2242 1218 2275 victura.

278 2296 320 2326 43
361 2294 495 2326 Sensere
524 2294 656 2334 Pelasgi
686 2293 862 2334 Invidiam]
898 2292 942 2324 Id
1042 2296 1084 2325 50
1102 2292 1250 2324 Nondum
1260 2289 1472 2332 mismdm]
1487 2289 1607 2331 Idest,
1618 2298 1704 2322 non·

237 2352 303 2386 ρει,
333 2345 455 2390 Argivi
487 2354 660 2386 agnovere
684 2345 751 2377 sibi
779 2345 943 2387 imputari
998 2343 1078 2376 dum
1093 2353 1173 2375 orsa
1187 2342 1324 2374 finierat
1338 2340 1519 2374 Adrastus.

238 2401 383 2429 mortem
401 2395 618 2428 Archemori.
770 2407 772 2410 ·
1040 2397 1082 2426 51
1100 2394 1174 2436 Ille]
1185 2392 1523 2435 Lyeurgusseilicet.1
1537 2393 1703 2426 Ceterum

280 2452 321 2480 45
348 2447 558 2488 Intercisoque
589 2445 741 2487 tumultu]
768 2444 868 2477 Inter
891 2445 944 2477 ln-
997 2444 1053 2477 hie
1070 2453 1186 2476 versus
1210 2444 1348 2485 duoque
1370 2447 1555 2486 sequentes
1577 2439 1702 2488 desinit

238 2498 386 2540 gendum
405 2498 495 2529 enim
519 2496 754 2539 quiescebant,
777 2505 838 2528 sen
861 2505 943 2537 pau-
998 2496 1033 2528 in
1058 2496 1127 2528 Ms.
1152 2495 1314 2534 Puteani,
1339 2499 1376 2527 et
1397 2493 1520 2526 merito
1537 2494 1702 2526 damnan-

238 2559 310 2582 sam
322 2548 510 2590 faciebant,
520 2546 818 2590 postrenovabant
826 2547 942 2588 plane·
998 2546 1045 2578 di.
1088 2546 1180 2580 Quid
1197 2545 1288 2578 enim
1311 2544 1503 2587 significat:
1524 2547 1582 2576 ant
1595 2547 1707 2576 tenses

237 2604 326 2632 tum.
643 2596 645 2599 ⁴
997 2601 1109 2630 curant
1118 2595 1347 2637 vagasulmina
1356 2592 1498 2628 nimbos?
1518 2593 1690 2636 Guyetus.

282 2654 325 2683 48
348 2649 500 2692 Pensum]
522 2650 595 2683 Pro
619 2648 761 2682 statutis
780 2647 945 2690 fatorum,
1011 2654 1013 2657 ’
1041 2651 1084 2679 52
1109 2648 1218 2679 fflcis
1231 2645 1331 2688 Ionii]
1349 2645 1454 2677 Maris
1464 2643 1596 2686 supple.
1622 2644 1705 2676 Tru·

241 2711 317 2744 quae
335 2701 560 2733 immutabilia
575 2705 667 2733 sunt.
711 2701 758 2732 Et
781 2699 946 2741 supplen-
997 2697 1060 2738 cis]
1084 2697 1142 2729 Ob
1157 2697 1339 2740 procellas.

240 2753 320 2783 dnm
337 2756 401 2791 est,
425 2753 747 2793 ‘Parcarum,'quae
764 2749 946 2783 et‘durae’
1043 2751 1085 2781 53
1117 2747 1283 2790 Fulmina]
1319 2745 1437 2789 Aliqui
1463 2745 1603 2788 legunt:
1630 2745 1707 2787 flu·

242 2808 279 2836 et
294 2806 303 2821 ‘
316 2802 545 2835 inexorabiles
558 2802 568 2816 ’
590 2803 764 2835 dicuntur.
999 2799 1097 2831 mina.
1288 2807 1291 2810 ⁴
1646 2816 1649 2819 -
1704 2804 1709 2809 ’
