1820 3068
220 235 307 278 748
727 247 765 277 P.
802 247 994 279 PAPlNu
1029 248 1194 280 srArn

223 341 357 385 Hunc
374 342 526 397 regina
539 343 708 385 larem?
740 346 909 386 nostrae
930 344 1004 386 cui
1019 343 1121 400 jure
1143 357 1316 387 sorores

221 409 377 453 Anxia
396 424 539 466 pensa
558 412 758 465 trahant;
787 411 920 467 longo
943 426 1079 467 quam
1099 413 1284 456 sordida
1302 413 1431 456 luctu

222 478 385 529 Mater,
400 483 443 521 et
465 492 525 521 ex
540 480 640 523 imis
660 480 841 522 auditus
861 480 980 523 forte
1003 482 1203 524 tenebris

222 546 432 589 Offendat
450 561 576 591 socer
594 548 672 591 ille
693 561 843 590 senex.
893 549 922 591 J
927 563 1000 592 am
1021 554 1202 605 pectora
1224 550 1346 604 vulgi

221 613 476 658 Assuevere
489 615 601 670 jugo
618 630 629 659 :
656 616 795 670 pudet
813 617 916 668 heu,
936 618 1190 672 plebisque,
1213 622 1488 674 patrumque,

224 683 299 725 Ne
316 682 452 725 toties
471 684 638 726 incerta
659 685 815 736 ierant,
832 689 1089 740 mutentque
1108 690 1328 740 gementes

223 750 436 805 Imperia,
455 755 499 794 et
519 752 655 795 dubio
675 753 826 809 pigeat
846 767 1000 810 parere
1019 758 1223 810 tyrannm

1605 416 1692 459 440

1606 757 1693 799 445

222 897 285 928 rito
310 898 508 940 displicerent
531 899 676 932 ducentes
698 899 808 932 tristia
831 900 991 939 stamina:
1013 910 1104 942 quom
1122 904 1224 934 mater
1237 901 1330 942 longo
1340 911 1472 935 moerore
1484 902 1640 944 squalida,
1661 905 1693 935 et

222 949 307 972 socer
321 942 375 972 ille
386 952 481 973 senex
488 941 577 982 sorte
587 944 715 975 auditus
730 952 746 974 e
757 943 920 984 profundis
932 944 1070 976 tenebris
1085 945 1223 977 loederet.
1253 946 1331 978 Jam
1345 945 1460 977 civium
1474 947 1572 978 animi
1587 955 1692 977 assue-

222 988 334 1016 verunt
348 985 490 1026 imperio.
536 985 612 1017 Heu
630 986 742 1027 pudet,
762 995 803 1017 ne
823 986 921 1027 plebs,
944 990 974 1019 et
998 986 1167 1020 Senatores
1181 987 1273 1020 toties
1286 989 1461 1021 sustineant
1474 999 1560 1029 oegro
1574 989 1691 1027 animo,

222 1030 404 1070 mutentque
418 1028 545 1061 dubiam
558 1029 814 1071 dominationem,
835 1031 867 1061 et
882 1029 929 1062 eis
941 1040 1040 1071 grave
1058 1029 1101 1063 sit
1123 1032 1242 1064 incerto
1256 1031 1380 1064 domino
1397 1032 1534 1074 obsequi.
1576 1031 1694 1065 Brevis

836 1136 1082 1150 OOO‘OOOOOO‘O

222 1212 333 1246 Anxia
346 1223 440 1254 pensa
455 1213 586 1247 trahunt
612 1214 706 1247 nulla
727 1214 848 1256 editio,
871 1215 935 1248 nisi
953 1215 1102 1257 pessima
1117 1215 1176 1249 illa
1190 1216 1445 1251 Veenhusiana.
1489 1218 1592 1251 Ansia
1605 1219 1693 1251 Tau-

223 1257 288 1289 rin.
317 1263 353 1288 et
380 1258 609 1290 Eurum—441
633 1259 775 1290 Taurin.
800 1259 890 1297 forte
915 1259 1167 1292 latebris.—-442
1189 1260 1198 1277 ‘
1215 1261 1342 1293 Locum
1372 1261 1463 1292 hunc
1493 1266 1692 1302 corruptum

223 1309 299 1331 esse
314 1309 382 1331 non
398 1305 547 1341 praesto;
573 1302 651 1333 libri
668 1301 791 1342 scripti
809 1306 925 1335 tamen
941 1312 1111 1335 consensu
1128 1302 1341 1344 praeferuntz
1367 1303 1522 1346 Offendat
1536 1314 1625 1336 sacer
1638 1306 1692 1337 ille

224 1353 342 1380 somam,-
375 1343 467 1385 quod
492 1354 558 1375 non
586 1343 733 1386 sperno?
756 1345 858 1378 Bern.
904 1346 1070 1377 Nostram
1096 1346 1302 1388 scripturam
1332 1351 1525 1387 agnoscunt
1551 1348 1692 1387 optimae

223 1386 360 1418 Barthii
375 1386 598 1428 membranae,
612 1388 775 1420 Petreus.
795 1389 881 1421 Exc.
898 1388 1043 1422 Cantab.
1059 1389 1202 1422 Taurin.
1219 1390 1339 1422 Burm.
1357 1391 1448 1423 Dan.
1466 1390 1549 1422 Put.
1567 1391 1693 1424 Petav.

222 1433 260 1461 et
273 1430 415 1462 Behott.
433 1433 464 1462 1.
481 1433 512 1462 2.
535 1431 582 1463 ita
597 1441 733 1473 quoque
748 1431 828 1464 edd.
844 1432 988 1465 Venett.
1013 1431 1118 1465 Aldd.
1144 1433 1255 1465 Colin.
1282 1433 1417 1474 Gryph.
1442 1433 1551 1467 Basil.
1577 1434 1694 1466 Plant.

221 1472 455 1514 Lindenbrog.
474 1474 577 1506 Cruc.
594 1475 741 1507 Gevart.
758 1474 904 1508 Amstel.
928 1475 1082 1508 Gronov.
1109 1475 1221 1508 Veen.
1246 1476 1366 1508 Barth.
1381 1480 1419 1508 et
1439 1477 1570 1517 Delph.
1613 1477 1694 1511 Sola

221 1515 279 1550 ed.
293 1516 469 1558 Gramen,
487 1520 696 1551 sacen—443
722 1517 794 1551 Hoc
807 1527 913 1552 severe
927 1518 1010 1559 jugo
1036 1519 1176 1560 optimae
1198 1519 1406 1552 membranae
1423 1519 1579 1561 Barthii;
1600 1521 1693 1553 unde

884 1625 1030 1659 NOTAE

225 1699 372 1741 vigilant
402 1699 515 1741 pueri,
545 1701 729 1742 sylvasque
759 1699 934 1741 fatigant!

223 1749 324 1782 Idem
340 1750 444 1783 alibi:
467 1751 478 1769 ‘
494 1751 607 1783 Parce
622 1756 719 1783 metu
735 1751 933 1792 Cytherea!

195 1822 198 1825 ι
224 1801 307 1842 Pro,
315 1802 465 1843 venatui,
477 1807 513 1834 et
525 1803 647 1835 metui.
669 1803 794 1835 Cicero
807 1802 933 1834 etiam:

224 1855 234 1870 ‘
252 1852 376 1895 quibus
399 1853 514 1885 subito
537 1853 670 1895 impetu
696 1856 732 1885 et
755 1853 934 1886 latrocinio

224 1903 477 1944 parricidarum
494 1905 656 1940 resistat!
689 1905 760 1937 Pro
778 1905 933 1947 impetui.

223 1954 271 1986 Et
295 1955 361 1986 hoc
385 1955 520 1987 AEolum
546 1956 754 1997 imitatione,
775 1956 835 1998 qui
863 1956 935 1989 iota

226 2005 459 2047 subscriptum
475 2016 495 2039 e
510 2007 650 2039 Dativis
666 2007 847 2039 tollebant.

269 2059 335 2088 439
358 2056 503 2097 Regino]
521 2056 628 2099 Argia
644 2058 821 2099 Polynicis
837 2068 934 2090 uxor.

226 2108 324 2140 Hunc
344 2109 457 2151 larem]
483 2109 655 2151 Exiguum
677 2116 714 2142 et
733 2119 935 2152 pauperem.

228 2159 360 2192 Nostrae
388 2161 440 2192 cui
459 2160 537 2201 jure
561 2169 681 2193 sorores
704 2160 816 2194 Anxia
840 2171 937 2203 pensa

226 2211 373 2253 trahant]
396 2213 498 2244 More
514 2217 686 2252 veterum,
702 2216 771 2244 tam
796 2212 936 2245 Graeco-

226 2258 321 2302 rumj
339 2272 440 2305 qnam
465 2262 710 2304 Romanorum,
731 2273 797 2305 quo
819 2273 936 2296 omnes

226 2314 400 2354 mulieres,
424 2323 464 2345 ac
485 2314 592 2345 ctiam
617 2323 735 2355 regum
760 2323 883 2347 uxores
899 2317 937 2346 et

226 2364 320 2405 filiae,
343 2365 432 2397 lanae
447 2364 630 2405 ducendae,
648 2365 798 2406 telaeqne
815 2369 935 2396 texen-

228 2415 282 2448 dae
295 2425 431 2447 manum
447 2415 686 2448 admovebant.
730 2415 948 2447 Theocritus.

227 2467 334 2509 Idyll.
350 2476 459 2500 xvur.
482 2467 517 2498 in
533 2466 678 2499 Helenae
702 2465 861 2498 laudibus
877 2476 937 2508 po·-

228 2519 293 2559 nit‚
316 2519 407 2561 qnod
429 2519 525 2551 nulla
547 2519 737 2560 puellarum
755 2518 935 2560 aequanum

228 2570 375 2612 perinde
390 2580 475 2602 nere
488 2570 605 2603 sciret.
637 2570 723 2602 Cum
736 2568 939 2602 Alexander

229 2621 323 2662 apud
349 2622 505 2654 Curtium
531 2620 726 2663 Sisygambi
751 2620 937 2652 Persarum

230 2671 359 2712 reginae
385 2672 534 2714 captivae
559 2672 674 2704 lanam
689 2680 730 2703 ac
746 2680 935 2714 purpuram

228 2722 322 2754 tradi
337 2722 508 2763 jussisset,
524 2731 634 2764 caque
651 2722 685 2754 in
702 2731 882 2754 moerorem
899 2726 936 2754 et

228 2773 398 2814 lacrymas
413 2775 525 2806 solnta
539 2773 818 2815 fuisset,ei-dixit
830 2773 936 2806 Alex-

231 2824 359 2858 ander:
393 2827 404 2845 *
421 2825 549 2866 Mater,
576 2825 663 2857 hanc
695 2829 840 2866 vestem,
870 2832 937 2866 qna

988 1701 1130 1735 indutus
1149 1711 1235 1743 sum,
1256 1712 1410 1735 sororum
1425 1711 1493 1735 non
1509 1703 1615 1735 solum
1633 1703 1693 1747 do-

987 1763 1082 1795 num,
1103 1755 1162 1786 sed
1187 1755 1292 1786 etiam
1312 1755 1398 1796 opus
1414 1754 1524 1786 vides.
1571 1754 1694 1787 Nostri

987 1803 1162 1846 decepere
1188 1814 1242 1835 me
1267 1804 1405 1837 mores.'
1446 1804 1622 1845 Augustus
1645 1806 1694 1837 ita

987 1854 1077 1886 filias
1092 1859 1129 1887 et
1142 1859 1265 1896 neptes
1281 1854 1445 1895 instituit,
1468 1860 1508 1887 ut
1526 1856 1630 1888 etiam
1646 1856 1695 1887 la-

989 1905 1106 1938 nificio
1135 1905 1380 1944 assuefaceret,
1411 1906 1579 1939 Suetonio
1607 1906 1697 1939 refe·

989 1962 1101 1991 rente.
1146 1956 1233 1989 Inde
1254 1956 1384 1990 factum
1401 1957 1492 1999 apud
1509 1959 1695 1999 Romanos,
1758 1997 1761 2003 Α

988 2011 1029 2039 ut
1042 2008 1135 2039 inter
1151 2008 1236 2040 alios
1252 2008 1338 2040 ritus
1354 2007 1568 2052 nuptiarum,
1583 2009 1695 2040 colum

988 2063 1138 2092 comtum
1163 2059 1255 2100 lana,
1276 2065 1313 2092 et
1328 2059 1439 2092 fusum
1454 2069 1532 2092 cum
1547 2060 1695 2094 stamine

990 2119 1115 2142 uxores
1137 2110 1170 2142 in
1197 2110 1397 2144 maritorum
1420 2111 1513 2143 aedes
1533 2111 1695 2144 deductae

990 2165 1186 2203 portarent,
1203 2161 1334 2204 virique
1350 2161 1492 2202 januam
1509 2162 1584 2193 lana
1598 2172 1694 2194 coro-

990 2215 1126 2252 narent,
1138 2217 1176 2243 ut
1191 2211 1335 2244 tradunt
1347 2211 1556 2244 Plutarchus
1572 2217 1608 2244 et
1622 2213 1694 2244 Pli-

989 2262 1077 2295 nius.
1121 2262 1315 2303 Lycurgum
1345 2268 1460 2294 tamen
1484 2271 1527 2295 eo
1553 2272 1694 2296 munere

987 2313 1130 2345 solvisse
1154 2312 1328 2353 mulieres,
1349 2313 1452 2355 idque
1476 2314 1695 2348 mandavisse

989 2363 1136 2401 ancillis,
1157 2361 1268 2394 refert
1295 2363 1488 2405 Xenophon
1518 2364 1563 2396 de
1586 2365 1695 2398 Laee-

989 2413 1232 2446 daemoniorum
1249 2413 1444 2455 Republica
1458 2414 1518 2446 lib.
1531 2425 1557 2448 1,

1032 2468 1095 2498 441
1119 2466 1174 2496 Eo:
1191 2464 1273 2497 -imis
1290 2465 1418 2498 auditus
1427 2465 1518 2504 sorte
1543 2465 1694 2506 tenebris]

990 2515 1079 2547 Vide
1093 2515 1205 2548 Theb.
1219 2524 1246 2547 1.
1260 2518 1317 2548 47.
1340 2519 1377 2547 et
1391 2523 1488 2558 seqq.

1033 2568 1100 2599 442
1121 2565 1216 2598 Socer
1229 2565 1299 2606 ille]
1320 2565 1481 2607 OEdipus.

1033 2621 1097 2651 443
1120 2617 1311 2659 Patr-esque]
1333 2618 1433 2650 More
1450 2618 1697 2659 Romanorum,

988 2669 1081 2712 apud
1118 2678 1202 2712 qnos
1249 2668 1436 2702 Senatores
1481 2668 1697 2700 vocabantur

985 2724 1107 2763 putres.
1683 2755 1686 2757 Α

1033 2774 1099 2804 444
1124 2769 1307 2811 Gementes]
1329 2768 1371 2802 In
1390 2770 1580 2802 mutatione
1604 2769 1696 2802 enim

992 2822 1158 2866 principis
1173 2822 1377 2864 plerumque
1395 2820 1489 2854 bella
1503 2820 1678 2852 oriuntur.
