1820 3068
208 258 294 300 ’742
715 270 755 302 Ρ.
790 270 981 302 PAP1N11
1015 270 1182 303 s'rA‘ru

206 364 508 420 Sisypheique
529 364 681 407 sedent
701 369 888 419 portus3
918 366 1119 422 irataque
1141 370 1268 409 terrae
1592 367 1679 412 880

207 433 355 477 Curva
378 433 662 476 Palaemonio
682 434 922 476 secluditur
939 435 1059 477 unda
1079 435 1294 478 Lechaeo.

208 502 333 544 Hinc
355 506 671 557 praetervectus
694 503 878 553 Nisum,
900 508 945 544 et
967 507 1025 554 te,
1046 505 1166 545 mitis
1191 504 1389 556 Eleusin,

208 571 374 614 Laevus
395 571 554 613 habet:
579 570 765 625 jamque
787 584 895 613 arva
915 572 1057 625 gradu
1077 572 1362 624 Theumesia,
1383 578 1429 615 et
1451 586 1579 617 arces

209 640 349 682 Intrat
368 638 648 693 Agenoreas:
681 639 747 680 ibi
769 640 925 681 durum
948 640 1156 682 Eteoclea
1177 641 1316 683 cernit

209 707 453 750 Sublimem
469 707 600 759 solio,
623 711 889 762 septumque
908 709 1180 763 horrentibus
1203 709 1351 752 armis.

208 777 239 820 J
242 789 325 817 ura
343 774 465 816 ferus
485 776 658 830 populo
680 781 800 817 trans
815 776 969 830 legem,
989 790 1043 819 ac
1066 782 1267 832 tempora
1286 778 1424 832 regni,

1591 711 1678 755 385
1696 700 1699 702 ’

207 902 240 940 et
253 908 313 939 qua
328 899 454 931 sinuosa
466 909 559 939 aqua,
572 898 696 938 insensa
711 901 818 936 teme,
834 900 1044 930 summovetur
1057 909 1077 930 α
1095 899 1224 931 Lechaeo
1240 899 1444 933 Palaenumio.
1487 900 1578 933 Hine
1595 911 1681 942 pm-

208 943 384 981 tergressus
398 946 446 974 est
463 943 591 982 Nisum,
614 946 644 974 et
661 946 704 981 te,
716 941 842 982 placida
859 940 995 981 Eleusis,
1009 941 1101 973 habet
1115 944 1156 974 ad
1170 944 1300 975 laeoam:
1323 947 1355 976 et
1371 943 1443 984 jam
1454 943 1584 985 pedibus
1598 945 1683 977 subit

206 994 331 1026 campos
346 985 556 1023 Theumesios,
579 988 611 1016 et
631 985 737 1016 urbem
751 983 920 1023 Agenoris.
964 984 1018 1015 Ibi
1031 984 1114 1016 videt
1131 985 1283 1018 immitem
1299 987 1458 1018 Eteoclen»
1469 988 1590 1020 excelso
1603 987 1681 1019 solio

205 1028 404 1070 insidentem,
424 1031 454 1060 et
470 1028 622 1070 stipatum
636 1028 735 1060 torvis
749 1027 949 1059 satellitibus.
996 1027 1146 1070 Perfidus
1159 1029 1215 1068 J'us
1227 1030 1352 1062 dicebat
1365 1029 1487 1063 civibus
1499 1031 1585 1063 ultra
1604 1041 1680 1072 poc-

827 1134 847 1146 O

1043 1135 1062 1148 O

209 1213 319 1244 ἐ-380
342 1211 544 1255 Sisyphiique
559 1215 702 1255 uterque
727 1212 855 1245 Behot.
873 1217 910 1245 et
933 1213 984 1246 sic
1005 1213 1111 1246 etiam
1137 1213 1223 1256 legit
1238 1213 1404 1246 Heinsius
1427 1213 1461 1246 in
1477 1213 1628 1247 Advers.
1645 1225 1678 1256 p.

207 1257 286 1287 23⁷.
301 1255 360 1287 ubi
388 1265 450 1297 pro
476 1257 620 1297 irataque
644 1257 734 1297 conj.
762 1257 1062 1298 innataque—381
1088 1257 1181 1289 Olim
1211 1257 1418 1298 legebatur:
1441 1258 1527 1289 unda
1550 1257 1676 1300 Lycoeo.

210 1297 334 1330 Lectio
349 1303 468 1331 nostra
482 1299 630 1331 debetur
645 1299 832 1331 Hermolao
849 1299 1013 1339 Barbare,
1028 1309 1129 1342 quem
1146 1300 1226 1332 vide
1241 1300 1284 1332 ad
1300 1300 1393 1333 Plin.
1407 1300 1470 1332 lib.
1487 1309 1538 1334 lv.
1553 1309 1632 1342 cap.
1648 1303 1680 1333 4.

208 1346 245 1372 et
261 1341 339 1374 hinc
362 1347 506 1384 recepta
522 1343 557 1373 in
582 1341 687 1374 Aldd.
703 1343 816 1374 Colin.
834 1343 968 1384 Gryph.
993 1343 1099 1374 Basil.
1116 1343 1234 1375 Plant.
1250 1345 1317 1376 &c.
1341 1353 1485 1386 eamque
1507 1348 1682 1376 testantur

207 1384 309 1416 multi
331 1384 543 1417 eodm—382
566 1386 677 1417 Eleusi
701 1385 844 1417 Taurin.
871 1384 998 1418 Eleusis
1020 1385 1122 1418 Aldd.
1148 1386 1256 1419 Colin.
1276 1386 1410 1428 Gryph.
1434 1386 1540 1419 Basil.
1563 1386 1679 1419 Plant.

209 1427 354 1468 Gevart.
372 1428 527 1461 Gronov.
554 1427 714 1460 Grasser.
741 1433 777 1460 et
799 1427 944 1460 Amstel.
969 1433 1004 1460 et
1028 1429 1078 1460 sic
1095 1429 1199 1461 etiam
1216 1430 1308 1461 Dan.
1324 1430 1410 1462 Put.
1435 1429 1562 1462 Petav.
1576 1430 1682 1462 Laur.

209 1471 363 1512 Lipsian.
377 1471 487 1512 Lang.
502 1476 539 1504 et
553 1471 684 1504 Buslid.
703 1471 833 1503 Eleusin
856 1472 1012 1503 meliores
1028 1471 1197 1504 Gronovii
1212 1471 1315 1504 codd.
1332 1473 1411 1505 cu'm
1433 1472 1523 1504 binis
1538 1473 1680 1505 Behott.

209 1517 247 1545 et
262 1513 420 1546 Petrens.
437 1515 525 1546 Vide
549 1514 731 1546 Heinsium
753 1513 796 1546 ad
822 1514 928 1546 Ovid.
954 1514 1099 1547 Heroid.
1124 1515 1238 1555 Epist.
1262 1524 1316 1548 1v.
1330 1517 1495 1548 στρ-384
1518 1515 1682 1548 Etheoclia

208 1555 350 1589 Benott.
369 1557 536 1589 Etheoclea
549 1557 704 1589 nonnulli
721 1557 820 1589 codd.
836 1562 873 1589 et
899 1557 979 1590 edd.
996 1562 1083 1590 vett.
1101 1558 1207 1590 dirum
1223 1557 1392 1590 Etheoclea
1406 1558 1679 1592 Petrum—386

207 1599 409 1638 Juraserens
424 1602 515 1632 Dan.
529 1601 611 1632 Put.
627 1601 752 1633 Petav.
770 1600 1002 1642 Lindenbrog.
1017 1606 1055 1633 et
1078 1599 1181 1633 Cruc.
1196 1601 1280 1632 Jura
1290 1600 1387 1638 serus
1400 1601 1555 1642 Lipsian.
1572 1601 1681 1642 Lang.

212 1642 316 1675 Laur.
347 1643 482 1676 Buslid.
514 1649 661 1686 uterque
690 1644 815 1676 Behot.
848 1653 966 1675 omnes
998 1643 1191 1685 Barthiani,
1219 1644 1379 1678 Petrens.
1406 1644 1544 1678 Tauria.
1572 1643 1680 1678 Aldd.

869 1740 1016 1774 NOTAE

213 1814 381 1855 Corinthi,
397 1826 473 1859 quae
499 1816 593 1858 prius
618 1815 759 1858 Ephyre
774 1816 919 1848 vocaba-

211 1872 282 1908 tur,
311 1871 350 1899 ut
371 1866 447 1908 jam
479 1866 639 1899 diximus.
700 1867 768 1901 Qui
800 1872 919 1908 portus

208 1919 402 1960 Sisypheus
415 1919 543 1951 dieitur
559 1929 579 1950 a
593 1919 737 1960 Sisypho
751 1918 920 1951 Corinthi-

212 1980 309 2003 orum
339 1979 431 2011 rege,
452 1970 510 2012 qui
534 1970 743 2002 Palaemouis
770 1969 921 2001 cadaver

212 2026 391 2063 repertum
414 2022 447 2053 in
464 2021 593 2062 littore,
618 2020 805 2053 honorifice
820 2030 919 2062 sepe-

211 2072 301 2113 livit,
317 2083 357 2105 ae
374 2073 407 2104 in
434 2072 509 2114 ejus
528 2073 692 2105 honorem
715 2072 814 2105 ludos
830 2073 922 2105 Isth·

212 2123 320 2155 micos
346 2123 510 2155 instituit.
555 2124 675 2165 Euros]
698 2123 824 2164 Eurus,
840 2133 921 2156 ven·

214 2179 269 2206 tus
305 2174 496 2220 orientalis,
531 2178 566 2206 et
603 2174 702 2215 bene,
725 2174 805 2216 quia
832 2174 921 2206 Cen-

214 2226 327 2257 chreae
343 2228 508 2266 spectant
524 2223 567 2256 ad
583 2223 778 2256 Orientem.
821 2224 920 2267 Eoos]

213 2275 420 2308 Orientales.
812 2306 814 2311 ,

257 2329 320 2358 380
347 2325 469 2367 Terroe]
491 2325 635 2366 Isthmo,
657 2326 713 2358 cui
729 2326 816 2358 irata
837 2325 921 2359 dici-

214 2382 271 2410 tur
286 2378 391 2418 unda,
403 2378 480 2419 quia
496 2377 647 2409 Isthmus
663 2377 836 2419 prohibet,
850 2388 919 2420 quo

213 2429 324 2460 minus
347 2427 482 2460 Ionium
501 2432 539 2460 et
555 2429 706 2470 AEgaeum
724 2438 817 2460 mare
839 2429 918 2461 mis·

212 2484 379 2512 ceantur:
403 2480 495 2511 uude
513 2489 601 2522 aqua
622 2479 700 2511 hinc
724 2484 828 2522 atque
842 2480 919 2513 hinc

204 2537 341 2563 ‘terram
357 2531 506 2570 allatrat,
519 2535 558 2561 ut
570 2529 619 2562 ait
631 2530 780 2562 Plinius.

254 2584 318 2614 381
342 2580 535 2613 Patoemonio
550 2580 697 2622 Lechoeo]
721 2580 917 2622 Lechaeum,

211 2634 301 2665 alter
321 2636 442 2674 portus
460 2631 616 2664 Corinthi
628 2631 671 2663 ad
690 2631 918 2663 Occidentem

212 2688 389 2726 spectans.
434 2682 642 2723 Paloemonio]
661 2682 692 2714 A
708 2682 921 2722 Palaemone,

212 2735 248 2767 iu
275 2735 374 2776 cujus
397 2734 560 2765 honorem
581 2733 655 2765 ludi
688 2732 846 2765 Isthmici
871 2733 921 2765 in-

210 2785 340 2819 stituti.

256 2838 320 2869 ³82
345 2833 475 2876 Nisum]
507 2832 549 2866 {d
576 2837 643 2876 est,
673 2833 862 2875 Megaram,
887 2834 922 2866 in

238 2899 248 2918 l

974 1826 1042 1859 qua
1052 1816 1158 1850 Nisus
1175 1818 1343 1860 regnavit.
1387 1818 1537 1854 Quidam
1559 1822 1682 1853 notant

975 1873 1127 1902 montem
1142 1870 1344 1912 Megaridis,
1371 1870 1407 1902 in
1432 1881 1500 1913 quo
1524 1872 1680 1912 sepultus

974 1917 1040 1951 fuit
1065 1919 1182 1953 Nisus.
1227 1920 1324 1952 Mitis
1354 1920 1502 1961 Eleusin]
1534 1922 1682 1964 Eleusis,

974 1979 1036 2001 seu
1051 1969 1206 2010 Eleusin,
1222 1963 1386 2012 oppid'nm
1404 1970 1545 2008 Atticae,
1561 1972 1596 2004 in
1612 1981 1681 2014 quo

978 2020 1084 2052 Ceres
1111 2021 1271 2061 religiose
1294 2019 1496 2054 colebatur:
1518 2021 1598 2054 hinc
1628 2032 1682 2054 sa-

976 2079 1036 2102 era
1060 2070 1249 2103 Eleusinia.
1292 2070 1405 2112 Mitis]
1426 2072 1493 2104 Vel
1515 2072 1560 2104 ob
1576 2072 1682 2105 Cere-

977 2130 1062 2162 rem,
1073 2131 1164 2164 quae,
1177 2122 1319 2155 invento
1331 2121 1467 2164 frugum
1479 2132 1555 2163 usu,
1567 2132 1681 2156 mores

975 2171 1150 2204 hominum
1167 2177 1271 2205 antea
1291 2172 1383 2205 feros
1405 2173 1601 2214 mitigavit3
1623 2173 1680 2206 vel

975 2223 1054 2264 quia
1074 2223 1181 2255 saeris
1209 2222 1392 2255 Eleusiniis
1415 2223 1585 2255 interesse
1611 2232 1682 2256 non

975 2277 1153 2315 poterant,
1180 2273 1245 2304 uisi
1270 2273 1330 2315 qui
1355 2282 1392 2305 se
1418 2272 1574 2315 integros
1599 2273 1681 2306 vitae

972 2323 1184 2366 scelerisque
1197 2333 1300 2365 puros
1315 2332 1391 2355 esse
1404 2322 1545 2356 scirent.

1017 2377 1080 2406 383
1113 2374 1204 2406 Arva
1238 2373 1436 2415 Therma-sia]
1474 2374 1625 2416 Boeotia,
1658 2385 1681 2408 a

972 2425 1162 2457 'rheumeso
1176 2430 1292 2457 monte
1303 2424 1460 2457 Boeotiae.
1481 2425 1582 2457 Arcas
1591 2425 1679 2465 Age-

972 2476 1099 2517 noreas]
1120 2476 1271 2518 Thebas,
1295 2485 1317 2509 a
1343 2476 1473 2509 Cadmo
1497 2475 1678 2509 conditore

973 2527 1143 2569 Agenoris
1153 2527 1236 2560 filio.

1016 2581 1080 2610 386
1105 2579 1206 2610 Trans
1227 2579 1337 2619 legem,
1359 2587 1396 2609 ac
1419 2581 1556 2618 tempora
1577 2578 1682 2619 regni,

972 2629 1050 2660 Jam
1059 2623 1180 2667 fratris
1193 2629 1231 2660 de
1250 2632 1344 2669 parte
1368 2627 1478 2668 dabat]
1507 2627 1597 2660 Nam
1621 2638 1680 2660 au-

972 2689 1048 2720 nns,
1067 2690 1133 2722 quo
1150 2681 1310 2712 Eteocles
1325 2684 1544 2721 regnaverat,
1560 2679 1679 2713 efflux-

973 2735 1049 2763 erat
1067 2732 1153 2773 jam,
1177 2735 1213 2763 et
1228 2731 1266 2772 is,
1279 2741 1345 2774 quo
1368 2740 1511 2772 regnare
1529 2731 1679 2765 debebat

976 2782 1086 2816 frater
1100 2783 1297 2826 Polynices,
1305 2782 1380 2824 jam
1395 2786 1550 2816 venerat.
