1820 3068
221 241 308 283 848

725 251 766 281 1².
801 249 994 281 PAPlNu
1027 249 1196 282 S'rA'l'u

225 348 322 392 Ista
341 348 439 399 tibi,
459 350 508 389 ut
529 359 681 390 serves
701 359 873 390 vacuos
894 346 1113 401 inglorius
1134 345 1310 400 Argos:

221 417 280 459 Et
299 421 376 459 tua
395 429 483 457 non
505 427 698 470 unquam
718 415 970 468 Tyrrhenus
990 419 1196 469 tempora
1210 414 1379 455 circum

1609 414 1697 456 650

224 484 416 538 Clangor
435 487 535 526 eat:
565 483 673 537 quid
693 487 801 525 vota.
819 484 964 525 virum
983 483 1170 524 meliora
1190 481 1378 523 moraris
1395 481 1416 522 ’ἰ

223 551 409 595 Scilicet
428 555 480 593 ut
498 551 628 592 vanis
647 550 825 601 avibus,
845 554 1057 604 natoque,
1077 549 1320 603 domoque,

223 620 283 662 Et
302 619 509 661 thalamis
530 618 700 672 potiare
715 617 890 671 jacens,
910 617 1124 659 sileamus
1143 615 1270 658 inulti

223 686 410 741 Tydeos
431 687 593 740 egregii
614 685 867 740 perfossum
888 685 1078 739 pectus?
1107 687 1151 726 et
1170 695 1295 725 arma

224 753 668 808 Foederisabrupti‘?
699 753 820 808 quod
839 753 879 794 si
899 752 1021 794 bella
1038 751 1172 794 effera
1193 749 1360 793 Graios

1608 751 1696 793 655

225 822 362 864 Ferre
384 824 527 871 vetas,
547 822 562 862 i
584 821 794 862 Sidonias
814 821 993 873 legatus
1012 819 1070 861 ad
1089 820 1235 862 urbes·

226 889 345 931 Haec
360 902 518 943 pacem
538 889 621 931 tibi
642 892 762 930 serta
781 888 960 930 dabunt.

1027 886 1130 929 Tua
1149 899 1327 941 prorsus
1346 886 1466 928 inani

225 955 376 998 Verba
395 957 501 1010 polo
523 968 705 1006 causam,
728 956 1024 1009 abstrusaque
1045 954 1218 996 semina
1237 967 1383 996 rerum

224 1024 449 1067 Eliciunt?
479 1024 662 1066 miseret
681 1023 914 1078 Superum,
935 1022 975 1064 si
994 1022 1192 1065 carmina
1212 1035 1347 1073 curae,

224 1157 291 1190 sine
306 1159 418 1191 honore
433 1160 467 1192 in
481 1161 613 1192 desertis
630 1159 747 1200 Arg-is,
769 1163 800 1192 et
826 1169 982 1201 nunquam
1001 1169 1094 1192 sonus
1108 1158 1191 1192 tubae
1207 1159 1379 1202 Tyr-rhene
1391 1160 1496 1199 seriae
1510 1162 1581 1191 luas
1594 1168 1697 1191 aures.

228 1202 316 1237 Quid
329 1204 473 1234 retardas
489 1213 572 1244 spem
587 1205 746 1235 meliorem
760 1204 943 1236 bellatorum
953 1207 967 1236 ?
988 1202 1128 1242 Scilicet,
1148 1206 1184 1235 ut
1208 1205 1295 1235 deses
1309 1203 1436 1241 fruaris
1451 1202 1596 1234 inanibus
1608 1203 1695 1233 volu-

226 1245 343 1284 cribus,
366 1255 475 1286 uxore,
498 1248 657 1287 domoque,
673 1257 710 1278 ac
724 1246 811 1288 filio,
826 1245 921 1277 inulti
937 1249 1093 1278 taceamus
1106 1245 1263 1287 confixum
1276 1250 1383 1287 pectus
1397 1246 1508 1278 eximii
1523 1245 1643 1287 Tydei?
1664 1247 1696 1275 et

225 1287 371 1325 midias,
394 1289 505 1329 quibus
527 1289 677 1320 violatum
702 1293 748 1320 est
764 1286 897 1328 soedus?
943 1289 1036 1325 Quod
1051 1289 1084 1320 si
1096 1288 1242 1329 prohibes
1255 1289 1396 1329 Arg-ivos
1406 1289 1510 1320 dirum
1525 1288 1635 1320 bellum
1650 1286 1699 1317 in·

219 1329 320 1370 serre,
342 1333 422 1363 vade
436 1335 543 1363 orator
555 1334 595 1363 ad
606 1333 752 1364 civitates
770 1331 941 1363 Thebanus.
984 1331 1050 1362 Hoe
1071 1332 1179 1363 laumas
1194 1330 1255 1362 tihi
1271 1341 1379 1372 pacem
1391 1330 1580 1363 obtinebunt.
1626 1329 1697 1361 Tua

225 1372 311 1405 dicta
334 1383 465 1416 prorsus
478 1375 648 1407 extrahunt
671 1385 687 1407 e
710 1384 791 1407 vano
817 1375 891 1406 coelo
917 1383 1037 1416 causas,
1058 1377 1091 1406 et
1116 1374 1249 1407 latentia
1271 1383 1378 1407 rerum
1402 1377 1539 1406 arcana?
1561 1372 1696 1405 Miseret

840 1471 1020 1484 OOOO‘OOOO
1025 1471 1085 1484 O‘O

227 1535 408 1578 AEschylus
424 1537 459 1568 in
484 1537 584 1578 Sept.
612 1546 643 1568 c.
672 1535 795 1568 Theb!
818 1535 1048 1568 Barth.—a49
1084 1536 1189 1568 Imtet
1216 1535 1267 1568 uti
1290 1545 1393 1568 serves
1414 1536 1450 1568 iu
1479 1544 1548 1567 uno
1571 1533 1694 1567 codice

226 1579 478 1612 Barthii.—650
495 1581 540 1611 Et
556 1584 611 1612 tua
625 1589 845 1621 nonnunquam
860 1579 963 1611 Aldd.
981 1579 1091 1611 Colin.
1108 1579 1241 1620 Gryph.
1253 1583 1290 1610 et
1305 1579 1411 1610 Basii.
1430 1578 1635 1610 Bernartius
1650 1587 1696 1609 ex

227 1622 329 1654 codd.
345 1623 414 1654 suis
431 1623 584 1654 correxit
598 1634 607 1655 ι
635 1624 680 1655 Et
695 1626 751 1654 tua
763 1633 826 1654 non
839 1632 976 1663 unquam
989 1632 1000 1652 .·
1020 1622 1071 1654 ita
1086 1632 1223 1663 quoque
1235 1623 1269 1653 in
1282 1621 1356 1653 aliis
1371 1621 1510 1662 scriptis
1532 1630 1611 1652 cum
1626 1621 1695 1651 Ve-

227 1669 318 1697 nett.
335 1666 433 1697 Rom.
456 1670 492 1696 et
514 1666 592 1696 edd.
609 1668 865 1697 meeum—653
891 1665 936 1695 Ee
949 1664 1096 1696 thalamis
1106 1667 1227 1706 potiare
1241 1664 1306 1696 tuis
1319 1674 1408 1696 nnus
1421 1664 1533 1695 codex
1549 1663 1696 1694 Barthii.

227 1711 334 1739 —655
359 1709 455 1740 Unus
471 1709 596 1740 Behot.
619 1708 699 1739 bella
719 1709 948 1749 aspera.—656
975 1708 985 1724 ‘
999 1707 1093 1739 Libri
1109 1707 1217 1739 nostri
1242 1716 1358 1739 omnes
1386 1707 1434 1738 nil
1461 1706 1598 1746 penitus
1621 1714 1692 1736 mu-

228 1754 305 1783 tant
321 1761 332 1788 ;
357 1755 393 1782 at
405 1752 603 1783 Lactantius
619 1751 703 1791 legit
714 1761 725 1782 .·
750 1751 771 1781 I
791 1749 939 1782 Sidonios
954 1750 1075 1790 legatus
1086 1752 1128 1782 ud
1141 1750 1253 1781 hostes.
1299 1749 1379 1781 Nou
1394 1748 1508 1780 male!
1531 1748 1695 1780 Barth.—

227 1796 293 1825 658
315 1794 408 1825 Dan.
435 1794 517 1826 Put.
535 1794 657 1825 Petav.
673 1794 779 1833 Lang.
800 1793 904 1824 Laut.
922 1793 1056 1824 Buslid.
1076 1793 1227 1833 Lipsian.
1250 1796 1396 1834 uterque
1423 1791 1546 1823 Behot.
1577 1799 1694 1822 omnes

228 1835 420 1875 Barffliani,
435 1837 581 1868 Venett.
598 1837 694 1868 Rom.
712 1836 815 1867 Aidd.
831 1835 942 1867 Colin.
953 1835 1088 1877 Gryph.
1100 1836 1208 1867 Basil.
1219 1836 1335 1866 Plaut.
1353 1833 1694 1874 Lindenbrog.Cruc.

205 1879 208 1882 ’
229 1883 267 1911 et
293 1879 441 1912 Gevart·
464 1879 666 1921 obstrusaque
675 1890 688 1918 ,·
711 1888 788 1921 quae
810 1879 984 1920 scriptura
1011 1878 1212 1920 neutiquam
1237 1876 1414 1919 mutanda,
1438 1876 1488 1909 ait
1518 1876 1694 1908 Barthius.

890 1962 921 1995 N
928 1962 1032 1996 01*AE

270 2039 337 2069 649
360 2036 430 2070 1³-
446 2037 521 2079 tibi]
555 2037 702 2079 Suppie,
717 2037 936 2079 contingant,
1032 2040 1098 2070 656
1121 2036 1288 2079 Sidonias]
1309 2036 1500 2070 Thebanas-

230 2088 285 2119 vel
302 2087 417 2129 potius
435 2098 455 2119 a
471 2093 506 2120 te
522 2089 604 2120 ficta
620 2093 712 2124 sunt,
733 2092 772 2120 ut
798 2098 859 2120 nos
875 2088 934 2120 de·
979 2086 981 2089 ’
1031 2091 1095 2120 657
1118 2088 1229 2130 Serta]
1252 2089 1352 2121 Serta
1368 2098 1429 2120 sen
1443 2097 1592 2125 coronae,
1609 2096 1693 2129 quas

230 2144 377 2170 terreas.
399 2139 513 2179 Supra
528 2140 617 2171 enim
631 2139 719 2171 dicit
735 2140 934 2180 Capaneus:

228 2189 239 2207 ‘
252 2189 403 2231 Jamque
429 2190 495 2221 huc
512 2191 632 2222 timida
648 2200 725 2222 cum
742 2189 864 2222 fraude
881 2200 935 2222 sa·

230 2239 354 2271 cerdos
370 2239 507 2272 Exeat?

275 2292 340 2321 650
367 2290 546 2332 Tyrrhenus
559 2289 702 2330 clangor]
729 2289 772 2321 Id
795 2294 862 2330 est,
886 2299 938 2321 so-

231 2339 324 2371 nitus
337 2340 495 2372 tubarum
511 2351 519 2372 :
545 2341 718 2382 Tyrrheni
733 2341 822 2372 enim
839 2340 939 2382 primi

235 2389 338 2422 tubas
354 2400 467 2422 aeneas
483 2391 702 2424 invenerunt.

274 2443 339 2473 654
362 2442 406 2472 Et
424 2451 512 2473 arma
527 2442 670 2474 Foederis
683 2441 826 2483 abrupti]
859 2441 939 2473 Non

233 2492 344 2524 solum
372 2492 463 2523 enim
494 2492 528 2523 in
564 2491 675 2534 Tydei
705 2501 854 2533 persona
875 2492 936 2532 jus

234 2543 389 2584 gentium
406 2543 586 2583 violatum,
612 2543 671 2574 sed
698 2543 802 2574 etiam
822 2541 935 2573 foedus

233 2593 326 2635 quod
342 2596 419 2625 erat
433 2593 524 2625 inter
535 2592 683 2634 Argivos
703 2597 740 2624 et
752 2592 935 2624 Thebanos

234 2648 375 2685 ruptum
391 2653 431 2675 ac
447 2642 598 2675 fractum
616 2647 682 2676 est.

275 2697 339 2725 655
367 2694 499 2735 Graios]
526 2694 786 2735 Graecos‚quos
802 2701 937 2734 semper

231 2743 377 2785 opponit
391 2743 552 2786 Sidoniis,
578 2742 748 2785 Tyriisve‚
772 2752 833 2775 seu
847 2742 939 2775 The·

232 2792 341 2827 banis.

990 2138 1232 2180 Amphiaraus,
1244 2143 1283 2171 ut
1293 2143 1405 2180 vates,
1415 2139 1528 2179 capite
1540 2138 1694 2180 gerebat.

990 2189 1164 2231 Intelligit
1180 2190 1312 2221 laurum
1339 2192 1377 2221 et
1400 2189 1524 2221 olivam
1542 2188 1694 2220 intextas

991 2238 1123 2271 infulae.
1169 2240 1237 2271 Tua
1249 2249 1376 2280 pror-ms
1403 2239 1507 2271 Verba
1527 2239 1598 2280 polo
1621 2248 1694 2270 cau-

990 2300 1053 2331 sas,
1089 2289 1162 2330 ξω]
1204 2289 1292 2321 Haec
1319 2288 1448 2320 ironice
1485 2287 1695 2330 proferenda

993 2344 1083 2372 sunt.
1128 2339 1279 2372 Deridet
1307 2338 1400 2370 enim
1432 2338 1626 2379 Capaneus.
1657 2342 1695 2370 ut

992 2389 1118 2431 impius
1139 2393 1179 2421 et
1199 2393 1397 2420 contemtor
1419 2388 1587 2430 Deorum,
1611 2388 1694 2420 Am-

993 2439 1182 2480 phiaraum,
1206 2439 1264 2481 qui
1290 2438 1433 2470 nimium
1463 2444 1572 2471 artem
1598 2447 1694 2470 suam

992 2489 1207 2530 venditabat,
1234 2489 1330 2531 quasi
1361 2487 1438 2520 fata
1463 2488 1604 2521 arbitrio
1632 2497 1694 2520 suo

990 2539 1204 2581 disponeret,
1230 2544 1265 2571 et
1289 2539 1353 2570 hac
1367 2543 1484 2581 posset
1498 2538 1693 2579 intelligere

990 2599 1104 2622 rerum
1116 2599 1249 2623 causas.

1033 2643 1098 2672 659
1117 2640 1251 2671 Miseret
1264 2638 1430 2680 Superm,
1442 2639 1472 2671 si
1485 2638 1626 2671 earmina
1638 2649 1693 2671 eu·

991 2700 1050 2730 roe,
1078 2690 1298 2731 Humonoeque
1321 2687 1444 2731 preces]
1466 2688 1544 2720 Hoc
1570 2697 1695 2720 recun-

993 2740 1073 2772 dum
1100 2739 1300 2780 Epicuraeos
1327 2738 1414 2771 dicit
1438 2737 1572 2770 Poeta:
1607 2737 1694 2771 dicit

992 2791 1084 2824 enim
1110 2789 1294 2824 Lucretius
1310 2788 1370 2822 lib.
1386 2797 1413 2822 1.
1434 2787 1444 2806 ‘
1459 2787 1580 2821 Omnis
1600 2788 1693 2821 euim
