1820 3068
243 220 330 264 894

242 328 447 372 Arcades
467 328 535 369 hi:
558 340 666 381 gens
686 340 776 369 una
796 327 921 379 viris,
943 328 1022 370 sed
1045 328 1229 370 dissona
1249 329 1370 372 cultu

243 397 495 439 Scinditur:
526 396 573 436 hi
595 394 792 449 Paphias
811 400 977 451 myrtos
998 411 1026 439 a
1045 399 1184 451 stirpe
1204 401 1438 439 recurvant

744 232 786 262 P.
819 232 1011 262 PAPlNu
1044 232 1211 264 STA'rlt

1615 399 1703 441 300

243 465 300 507 Et
319 463 532 519 pastorali
552 463 821 505 meditantur
839 465 998 518 praelia
1014 469 1196 507 trunco:

242 533 335 575 His
356 545 504 582 arcus,
524 531 595 573 his
611 531 700 573 tela
720 531 880 574 sudes:
910 533 983 574 hic
1005 532 1181 575 casside
1203 533 1347 574 crines

240 600 436 654 Integit:
467 598 656 641 Arcadii
672 612 838 640 morem
858 603 975 641 tenet
992 600 1066 641 ille
1087 600 1252 653 galeri:

238 669 322 710 Ille
341 667 580 722 Lycaoniae
600 667 719 709 rictu
739 673 878 721 caput
896 672 1077 722 asperat
1094 681 1242 710 ursae..

239 736 344 778 Hos
365 735 474 777 belli
495 740 657 785 coetus,
669 735 911 790 jurataque
933 740 1115 790 pectora
1135 735 1287 787 Marti,

1613 738 1701 780 305

238 803 388 845 Milite
407 804 564 846 vicinae
585 803 707 844 nullo
722 803 880 857 juvere
901 803 1128 858 Mycenae.

240 871 451 913 Funereae
471 873 564 912 tum
582 883 771 924 namque
793 870 949 925 dapeS‚
966 864 1187 925 mediique
1207 882 1412 913 recursus

230 1026 438 1064 fortitudine.
481 1027 532 1058 Hi
545 1036 650 1059 omnes
665 1027 827 1059 Arcades.-
850 1027 956 1058 endem
971 1029 1018 1057 est
1032 1026 1133 1066 natio,
1148 1027 1201 1058 sed
1215 1025 1425 1067 distinguitur
1444 1027 1566 1068 dispari
1578 1027 1700 1059 habitu.

239 1069 291 1100 Hi
304 1070 470 1111 reflectunt
485 1080 504 1101 a
519 1070 623 1102 radice
641 1070 779 1111 Paphias
792 1072 922 1111 myrtos,
943 1072 974 1100 et
986 1079 1124 1109 pugnam
1137 1069 1244 1101 ineunt
1265 1080 1335 1102 cum
1355 1071 1509 1111 pastor-111·
1529 1072 1628 1112 pedo.-
1649 1070 1701 1101 his

238 1113 331 1143 sudes
343 1117 415 1144 sunt
429 1113 496 1144 vice
516 1123 644 1144 arcuum
664 1123 701 1144 ac
725 1114 940 1152 sagittarum.-
962 1111 1013 1142 hic
1027 1112 1154 1152 capillos
1163 1113 1299 1153 cooperit
1310 1114 1426 1153 galea.-
1452 1113 1504 1144 hie
1516 1117 1621 1145 servat
1634 1123 1701 1144 mo-

238 1163 303 1186 rem
318 1156 393 1196 pilei
406 1156 576 1187 Arcadici:
599 1156 664 1187 ille
674 1155 789 1197 efferat
812 1165 902 1186 suum
913 1158 1006 1194 caput
1019 1155 1102 1186 rictu
1117 1165 1198 1186 ursae
1212 1155 1392 1196 Lycaoniae.
1437 1156 1601 1188 Finitimae
1622 1156 1697 1197 My-

236 1207 322 1228 cenoe
336 1199 418 1229 nuno
432 1198 714 1237 auxiliojuverunt
729 1199 786 1229 has
800 1198 903 1238 copias
923 1197 1057 1237 bellicas,
1078 1201 1109 1228 et
1125 1198 1190 1229 hoec
1204 1200 1298 1230 corda
1311 1199 1420 1230 devota
1436 1199 1562 1231 Marti·
1551 1224 1559 1231 .
1577 1198 1698 1238 ferales

237 1240 321 1272 enim
335 1244 402 1272 tum
416 1242 525 1283 epulae,
548 1245 581 1273 et
600 1251 707 1273 earum
730 1241 860 1273 horrore
881 1241 926 1271 sol
951 1241 987 1271 in
1007 1241 1107 1272 medio
1130 1250 1223 1273 cursu
1245 1242 1493 1284 regrediebatur,
1516 1246 1548 1274 et
1561 1242 1627 1274 illic
1641 1241 1699 1273 alii

851 1335 970 1348 eeeee

973 1335 1091 1348 OmOO

235 1419 305 1443 sum
327 1412 411 1444 Pur.
434 1422 527 1452 agros
542 1412 739 1454 sophiaeque
754 1414 868 1445 celsam
882 1418 1029 1454 uterque
1045 1413 1276 1445 Behot—-aoo
1300 1413 1368 1445 Hic
1394 1423 1511 1446 versus
1537 1413 1637 1446 deest
1662 1414 1698 1446 in

236 1456 368 1495 optimo
383 1455 528 1487 Barthii.
531 1458 638 1487 —302
661 1457 758 1488 Unus
774 1458 896 1489 Behot.
912 1462 948 1488 et
965 1456 1121 1488 Put.}1is
1142 1456 1263 1488 cassida
1287 1459 1399 1490 mnes.
1400 1459 1508 1488 —304
1530 1457 1698 1498 Lycaonioe

236 1498 304 1529 ritu
317 1497 422 1530 Aldd.
439 1498 550 1530 Colin.
568 1498 620 1530 Gr
621 1499 704 1540 yph.
722 1500 827 1531 Basii.
851 1505 888 1531 et
911 1499 1024 1531 Plant.

1062 1499 1229 1541 Lycaonioe
1251 1499 1336 1531 rictu
1359 1509 1477 1531 omnes
1495 1499 1594 1532 codd.
1620 1509 1698 1532 cum

235 1539 316 1574 edd.
339 1541 572 1583 Lindenbrog.
587 1542 733 1575 Gevart.
749 1542 906 1575 Grasser.
922 1548 959 1574 et
974 1547 1122 1575 recentt.
1125 1544 1231 1574 -307
1255 1542 1408 1575 Funereoe
1422 1546 1496 1575 tunc
1518 1552 1606 1575 unus
1628 1542 1697 1574 Be-

837 1668 847 1674 ,
893 1645 1038 1678 NOTIE

237 1719 302 1750 Est
327 1723 364 1751 et
390 1718 513 1752 fluvius
545 1720 701 1762 ejusdem
725 1721 870 1753 nominis
901 1721 936 1752 in

235 1768 399 1810 Arcadia,
437 1770 494 1812 qni
530 1770 565 1801 in
601 1771 772 1812 Alpheum
805 1770 939 1803 defluit.

189 1834 191 1838 Α
235 1819 420 1851 AErisonum
451 1820 673 1862 Stymphalon]
718 1821 938 1863 Stymphalos

234 1879 332 1902 mons
347 1875 384 1903 et
399 1871 493 1903 lacus
507 1872 540 1903 in
557 1872 719 1908 Arcadia,
736 1872 795 1914 qui
810 1872 938 1903 dicitnr

234 1920 453 1961 ‘aerisonus,’
472 1922 562 1963 quod
593 1922 775 1962 Hercules,
800 1928 837 1954 ut
861 1932 937 1963 pro-

234 1970 321 2002 dunt
351 1971 530 2011 Pysander
562 1972 781 2014 Camyrensis
810 1973 936 2013 aliique

233 2021 433 2062 scriptores,
443 2021 618 2055 referente
630 2023 937 2065 Pausania‚'crepi-

234 2072 425 2103 iaculorum
454 2072 570 2104 sonitu
588 2071 725 2114 fugavit
749 2078 787 2105 et
804 2073 938 2115 expulit

232 2121 385 2156 Arcadia
413 2132 493 2155 aves
518 2116 781 2164 ‘Stymphalidas
813 2124 938 2164 dictas,

233 2181 310 2213 quae
325 2172 415 2205 hunc
430 2173 543 2205 lacum
569 2173 785 2215 obsidebant,
810 2183 851 2205 ac
876 2174 937 2205 hu-

231 2232 335 2254 mana
364 2233 469 2255 carne
494 2224 736 2256 vescebantur.
791 2223 937 2256 Ovidius

231 2277 361 2314 tamen,
392 2278 430 2306 et
459 2274 593 2306 Seneca
618 2275 794 2315 Tragicns,
810 2274 935 2316 aliique

229 2323 366 2364 sagittis
392 2324 435 2356 ab
462 2325 584 2356 eodem
607 2324 762 2356 Hercule
774 2324 935 2356 interem-

230 2378 284 2406 tas
301 2374 451 2406 tradunt.
496 2375 587 2407 Vide
603 2375 810 2406 Pausaniam
828 2374 934 2406 Arca-

231 2425 332 2466 dicis,
347 2426 549 2458 Strabonem
562 2426 623 2457 lib.
640 2435 722 2458 vm.
744 2425 933 2458 Diodorum

229 2475 292 2508 lib.
304 2485 340 2508 v,
363 2476 442 2508 hine
467 2480 601 2508 montes
630 2476 692 2508 hos
714 2476 858 2516 vulgatos
881 2486 934 2508 ro·

232 2525 303 2558 bore
314 2526 471 2558 Herculeo
484 2525 568 2558 dicit
582 2525 708 2558 Poeta.

276 2578 342 2608 300
365 2576 509 2616 Paphias
533 2576 670 2618 myrtos]
692 2577 803 2619 Myrti
830 2578 935 2610 dictae

229 2626 421 2668 ‘Paphiae,'
444 2626 524 2668 quia
547 2631 646 2659 erant
669 2637 776 2659 sacrae
796 2628 936 2668 Veneri,

232 2677 329 2717 cnjus
355 2686 502 2708 summus
532 2676 623 2718 apud
652 2677 798 2719 Paphon
823 2679 934 2710 cuitus

229 2730 318 2758 erat.
362 2727 558 2769 Recurvant]
581 2727 631 2761 Ut
647 2738 691 2761 ex
713 2728 755 2760 iis
777 2727 935 2762 facerent

230 2776 333 2819 peda.

1036 1722 1098 1751 301
1122 1719 1285 1752 Pastor-ali
1296 1717 1422 1760 trunco]
1442 1718 1486 1752 Id
1501 1723 1567 1756 est,
1585 1720 1691 1761 pedo,

992 1771 1084 1813 quod
1101 1781 1270 1803 armorum
1286 1780 1390 1811 genus
1406 1775 1508 1803 vocat
1521 1770 1692 1803 Homerus

992 1821 1140 1863 ῥόπαλον.
1184 1822 1235 1854 Ut
1251 1821 1436 1862 Virgilius:
1471 1821 1694 1854 ‘sternentes

993 1873 1130 1913 agmina
1142 1870 1264 1904 clava.'

1034 1925 1098 1954 304
1120 1921 1303 1964 Lycaonioe]
1325 1921 1498 1954 Areadiae.
1541 1919 1693 1954 Arcadia

992 1973 1082 2006 enim
1099 1973 1275 2014 Lycaonia
1298 1973 1394 2013 prius
1415 1975 1549 2004 vocata.
1593 1972 1694 2014 Rima

992 2027 1084 2064 caput
1115 2026 1241 2064 asperat
1269 2023 1367 2064 ursa]
1396 2022 1583 2055 Veteribus
1603 2023 1695 2054 euim

993 2074 1135 2115 alicujus
1148 2072 1232 2105 ferae
1249 2073 1373 2115 penem
1388 2073 1495 2115 capiti
1517 2073 1694 2114 imponere

990 2126 1176 2157 usitatum:
1202 2129 1299 2157 certe
1315 2125 1420 2167 galeis
1433 2124 1612 2157 inducere.
1640 2125 1696 2157 Si-

990 2177 1055 2209 lius
1070 2177 1129 2208 lib.
1143 2185 1200 2208 ιιι.
1223 2176 1233 2194 ‘
1251 2175 1323 2207 Ore
1349 2174 1499 2207 ferarum
1531 2176 1578 2207 Et
1602 2174 1694 2206 rictu

990 2226 1192 2258 horrificant
1205 2225 1344 2267 galeas!
1387 2226 1517 2258 Noster
1538 2225 1601 2257 lib.
1625 2234 1693 2257 vn.

991 2278 1001 2295 ‘
1012 2277 1094 2308 'Pela
1111 2276 1211 2308 rudes
1229 2276 1356 2318 trunci,
1371 2276 1481 2318 galea
1501 2285 1609 2309 vacua
1630 2285 1691 2308 ora

987 2325 1147 2358 leonum!

1030 2380 1092 2409 305
1105 2377 1298 2419 Jumtaque]
1315 2377 1465 2414 Devots,
1478 2378 1693 2408 consecrata.

992 2428 1002 2446 ‘
1018 2426 1167 2461 Jurare'
1189 2427 1368 2468 proprium
1398 2427 1529 2459 militiae
1551 2425 1690 2459 verbum

992 2477 1036 2509 ad
1050 2487 1148 2509 sacra
1162 2478 1378 2510 translatum.

1032 2531 1098 2560 306
1118 2527 1279 2569 Mycena]
1293 2528 1384 2561 Urbs
1400 2526 1574 2569 Argolidis
1585 2525 1692 2558 Arca-

991 2577 1057 2610 diae
1073 2578 1197 2611 vicina.

1033 2631 1098 2661 3⁰7
1122 2629 1276 2661 Funereoe
1297 2626 1408 2670 dapes]
1427 2626 1563 2659 Allndit
1577 2626 1621 2658 ad
1636 2624 1687 2658 fa-

989 2677 1117 2718 bulam,
1133 2688 1199 2720 qua
1223 2677 1352 2710 Atreus
1374 2676 1516 2718 Thyesti
1529 2675 1629 2709 fratri
1651 2675 1690 2707 fi-

988 2729 1053 2760 lios
1066 2727 1296 2760 comedendos
1311 2726 1495 2768 apposuit·
1519 2735 1591 2787 quo
1614 2725 1685 2758 viso

986 2778 1115 2810 dicitur
1125 2777 1176 2810 sol
1188 2775 1365 2818 refugisse.
