1820 3068
0 1660 15 1701 ἔ.

0 1707 16 1732 *2

0 1729 22 1761 *l

0 1772 9 1852 l

6 1778 20 1847 ,Ξ

7 2037 31 2207 ξ

255 498 355 574 Ρ.
435 495 947 575 ΡΑΡΙΝΙΙ
1023 495 1431 574 STATII

488 690 1180 752 THEBAIDOS

654 875 876 926 LIBER
921 874 1016 924 VI.

651 1181 1027 1213 ARGUMENTUM.

115 1259 255 1293 Ancivt
276 1258 374 1292 ludos
402 1258 564 1292 funebres
592 1258 819 1291 inhonorem
844 1258 1045 1291 Archemori
1069 1258 1268 1302 instituunt,
1296 1260 1394 1302 cujus
1413 1261 1571 1304 exeqniae

155 1323 283 1346 summa
296 1323 374 1346 cnm
387 1312 641 1355 magnificentia
655 1317 692 1344 et
707 1312 862 1344 maximis
878 1313 1027 1355 Lycurgi
1045 1318 1082 1345 et
1095 1314 1287 1355 Eurydices
1310 1315 1468 1347 lamentis
1483 1316 1574 1348 cele-

156 1367 313 1399 brantur.
354 1367 520 1399 Decretis
532 1367 576 1398 ab
595 1366 745 1399 Adrasto
765 1367 913 1408 praemiis
933 1367 1133 1407 victoribus,
1146 1368 1219 1400 ludi
1232 1368 1415 1410 incipiunt,
1431 1369 1474 1401 ad
1490 1358 1574 1411 quos

156 1419 276 1461 ingens
290 1420 472 1453 multitudo
486 1430 529 1453 ex
540 1420 695 1453 omnibus
707 1420 854 1452 Graeciae
865 1419 1021 1462 partibus
1031 1426 1265 1454 concurrerat.
1287 1422 1416 1454 Primae
1431 1428 1575 1455 currunt

156 1473 343 1517 quadriga.
385 1474 613 1517 Amffliiarans
630 1474 726 1516 prior
743 1479 868 1506 metam
890 1483 956 1515 ope
975 1478 1011 1506 et
1027 1475 1219 1516 patrocinio
1234 1475 1406 1517 Apollinis
1427 1477 1573 1508 circnm-

154 1526 278 1569 flectit,
297 1532 336 1560 et
355 1528 500 1570 palmam
515 1528 598 1561 fert.
642 1528 756 1560 Finito
772 1537 933 1560 curruum
949 1529 1151 1569 certamine,
1164 1529 1314 1561 stadium
1333 1529 1575 1571 ingrediuntur

156 1590 328 1622 cursores,
350 1581 443 1614 inter
457 1591 542 1624 qnos
562 1581 715 1613 eminent
738 1581 820 1612 Idas
843 1586 880 1613 et
900 1581 1186 1623 Parthenopaeus,
1200 1583 1257 1625 qui
1282 1583 1458 1625 praecipue
1481 1583 1575 1615 fama

155 1635 275 1668 matris
297 1635 484 1677 Atalantae,
506 1636 718 1678 propriaque
742 1640 925 1667 venustate
953 1636 1103 1668 omniurn
1128 1637 1246 1670 oeulos
1267 1637 1303 1669 in
1323 1647 1361 1669 se
1387 1639 1574 1670 convertit.

155 1689 251 1730 Idas,
261 1689 408 1731 arreptis
422 1699 511 1734 pone
531 1688 775 1730 Parthenopaei
797 1687 944 1730 capillis,
962 1689 1056 1720 illum
1075 1689 1150 1731 jam
1165 1689 1240 1721 fere
1255 1690 1421 1723 victorem
1436 1695 1577 1724 antece·

157 1743 229 1776 dit:
251 1752 319 1785 quo
334 1742 413 1775 dolo
434 1742 603 1784 indignati
618 1741 771 1774 Arcades
792 1741 852 1783 jus
879 1741 931 1773 sui
952 1743 1043 1783 regis
1067 1743 1169 1776 armis
1184 1742 1371 1776 defendere
1386 1745 1576 1778 minantur.

158 1797 243 1832 Rern
257 1796 435 1838 componit
449 1795 629 1835 Adrastus,
641 1800 678 1828 et
688 1795 792 1837 jubet
804 1795 903 1827 Idam
918 1800 954 1828 et
966 1796 1257 1839 Parthenopaeum
1269 1797 1405 1830 diversa
1427 1798 1484 1829 via
1498 1808 1575 1831 cur-

157 1859 248 1883 rere.
289 1849 455 1891 Repetito
470 1858 574 1882 cursu
586 1848 862 1890 Parthenopaens
873 1848 976 1882 facile
992 1850 1112 1883 vincit.
1155 1851 1342 1892 Proposito
1355 1856 1476 1892 postea
1489 1851 1576 1884 disci

150 1903 266 1945 jactu,
281 1902 443 1934 Pterelas
456 1902 555 1944 jussu
571 1901 714 1935 Adrasti
739 1911 879 1943 gravem
901 1901 1084 1936 admodum
1107 1904 1237 1940 attulit,
1250 1909 1287 1936 et
1313 1905 1411 1935 multi
1433 1903 1476 1936 ad
1500 1914 1574 1937 cer-

155 1956 299 1989 tandum
314 1965 351 1988 se
366 1954 540 1988 offerunt:
564 1955 626 1987 sed
641 1965 719 1987 cum
736 1954 984 1996 Hippomedon
1006 1955 1109 1988 alium
1132 1957 1241 1988 multo
1259 1967 1299 1988 ae
1324 1957 1423 1998 longe
1440 1958 1574 1998 gravio·

159 2019 232 2042 rem
259 2010 295 2042 in
322 2009 470 2041 medium
494 2009 714 2051 proJecisset‚
745 2009 886 2041 attoniti
909 2019 1028 2041 omnes
1058 2011 1180 2051 procul
1211 2010 1393 2051 absistunt,
1416 2011 1576 2052 exceptis

157 2063 312 2104 Phlegya
326 2066 363 2094 et
375 2063 592 2103 Menestheo,
605 2072 690 2104 quos
706 2062 817 2104 pudor
832 2068 870 2094 et
893 2063 1004 2104 gloria
1025 2068 1206 2105 parentum
1230 2064 1394 2095 retinent.
1437 2064 1576 2096 Primus

156 2116 280 2158 incipit
292 2116 477 2158 Phlegyas,
490 2120 527 2147 et
537 2116 579 2147 ad
590 2115 818 2148 ostendendas
828 2116 932 2157 vires,
947 2116 1081 2148 discum
1097 2121 1197 2148 tanta
1211 2117 1244 2148 vi
1258 2122 1351 2148 rotat
1366 2117 1400 2148 in
1416 2117 1576 2158 sublime,

159 2174 201 2202 ut
215 2169 372 2202 recidens
384 2170 454 2201 alte
478 2170 513 2201 in
530 2174 654 2202 terram
678 2169 964 2210 immergeretur:
989 2169 1050 2202 sed
1066 2180 1143 2202 cum
1162 2169 1408 2210 gloriabundus
1430 2171 1524 2202 illum
1540 2171 1576 2202 in

159 2223 251 2264 latus
268 2223 392 2264 jacere
406 2223 524 2264 vellet,
537 2226 574 2255 et
588 2223 736 2255 immane
745 2223 893 2265 spatium
903 2223 1016 2255 animo
1027 2224 1220 2264 metiretur,
1236 2222 1387 2264 fortuna,
1402 2224 1457 2256 cni
1472 2224 1575 2256 dulce

160 2281 214 2308 est
240 2285 321 2318 spes
341 2276 541 2317 immodicas
562 2276 764 2318 infringere,
789 2286 867 2308 eum
890 2276 1115 2318 destituente,
1135 2277 1249 2309 discus
1275 2277 1341 2317 ipsi
1370 2287 1390 2309 e
1418 2278 1575 2311 manibus

160 2329 321 2362 elabitur.
364 2330 458 2361 Hinc
482 2329 635 2362 timidior
658 2330 753 2362 subit
777 2330 1013 2371 Menestheus,
1028 2323 1078 2368 et,
1102 2330 1263 2362 invocato
1283 2331 1477 2372 Mercurio,
1501 2330 1575 2362 feli-

163 2383 303 2416 cissimo
314 2384 414 2426 jactu
437 2388 568 2424 partem
590 2384 771 2415 maximam
798 2383 884 2415 circi
912 2383 1128 2416 transmittit.
1170 2384 1308 2415 Tertius
1329 2384 1577 2425 Hippomedon

163 2440 339 2478 arreptum
353 2435 487 2468 discum
509 2445 552 2468 eo
574 2436 695 2468 robore
718 2441 936 2479 contorquet,
950 2442 990 2468 ut
1012 2447 1082 2468 non
1107 2438 1214 2468 solum
1233 2437 1363 2478 signum
1380 2438 1576 2470 Menesthei

162 2490 264 2531 longe
279 2488 593 2530 transgrederetur,
607 2498 725 2522 verum
740 2490 846 2522 etiam
858 2495 967 2522 totum
976 2490 1104 2523 circum
1120 2501 1201 2523 casu
1218 2491 1303 2523 disci
1317 2496 1519 2524 concuteret
1534 2501 1575 2524 ae

163 2541 416 2575 tremefaceret.
459 2543 647 2584 Propositis
662 2543 838 2583 caestibus,
854 2543 1034 2585 Capaneus
1056 2543 1159 2576 offert
1181 2554 1230 2585 se,
1252 2550 1429 2587 terretque
1457 2554 1575 2577 omnes

165 2597 235 2629 suis
257 2596 384 2629 viribus
400 2600 437 2628 et
463 2597 619 2638 corporis
644 2598 866 2639 proceritate.
908 2598 1058 2630 Tandem
1074 2598 1273 2630 Alcidamas
1287 2599 1479 2640 Spartanus
1496 2607 1574 2640 pro-

166 2650 248 2683 silit.
290 2650 392 2682 lllum
408 2650 599 2682 contemnit
624 2651 802 2691 Capaneus
814 2656 855 2683 ut
869 2651 1048 2692 imparem,
1062 2661 1139 2683 mox
1157 2651 1320 2683 admittit.
1364 2650 1576 2693 Alcidamas,

165 2707 204 2734 nt
220 2708 296 2735 erat
310 2703 452 2745 hujusce
466 2703 549 2735 artis
571 2704 811 2745 peritissimus,
831 2704 997 2746 paulatim
1012 2705 1101 2736 vires
1117 2714 1195 2736 suas
1210 2704 1396 2746 dispensat,
1410 2705 1576 2737 animum-

164 2766 230 2798 que
243 2755 380 2791 differt:
402 2761 535 2799 contra,
548 2761 587 2790 ut
602 2757 783 2799 Capaneus
798 2757 893 2791 nulla
907 2749 996 2798 art'e,
1011 2757 1092 2794 ruit,
1116 2762 1153 2792 et
1176 2761 1310 2791 tantum
1334 2757 1483 2790 feriendi
1505 2753 1573 2790 avi-
