1820 3068
233 235 320 278 824
732 250 773 278 P.
807 248 998 280 ΡΑΡιΝιι
1033 249 1200 282 STA‘ru

234 341 342 383 Huc
364 342 525 395 gemini
545 346 673 384 vates
695 348 898 387 sanctam
918 346 1120 388 canentis
1143 347 1276 390 olivae

234 409 413 451 Fronde
435 423 624 461 comam,
644 414 688 452 et
709 411 851 454 niveis
872 414 1018 456 ornati
1038 418 1237 470 tempora
1259 417 1385 459 vittis

231 469 442 519 Evadunt
465 478 654 532 pariter:
685 479 889 522 madidos
909 482 987 523 ubi
1001 481 1178 525 lucidus
1200 496 1331 538 agros

234 544 368 587 Ortus
389 549 434 587 et
454 546 650 599 algentes
670 547 845 590 laxavit
865 548 961 590 sole
982 550 1182 604 pruinas.

232 611 304 654 Ac
323 613 445 668 prior
466 614 671 657 OEclides
692 617 825 659 solita
845 630 976 671 prece
995 631 1158 661 numen
1178 619 1367 664 amicat:

230 680 410 735 Jupiter
429 682 738 738 omnipotens:
769 699 873 728 nam
892 689 938 728 te
954 687 1214 742 pernicibus
1232 689 1320 731 alis

230 746 407 791 Addere
427 751 680 800 consilium,
702 753 996 809 volucresque
1015 755 1199 810 implere
1218 755 1372 808 futuri,

1552 630 1556 634 ·
1617 625 1706 683 470

230 863 305 892 cula
327 865 386 893 est.
429 862 532 894 Ambo
558 874 694 904 augures
716 865 864 898 habentes
879 876 984 898 sacros
997 867 1126 909 capillos
1145 872 1272 902 ornatos
1293 880 1380 903 ramo
1400 873 1523 912 glauce
1546 871 1650 913 olicoe,
1671 876 1703 904 et

229 907 370 945 temporo
384 906 532 938 redimita
546 907 625 938 olbis
638 907 762 948 infulis,
782 910 878 941 simul
891 909 966 942 illuc
979 910 1123 951 subeunt,
1143 912 1197 944 ubi
1203 912 1352 953 fulgidus
1363 915 1412 946 sol
1423 918 1496 947 στω
1509 925 1564 947 suo
1576 915 1703 948 resolvis

231 946 373 979 humidos
398 959 504 989 agros,
525 954 557 981 et
577 951 700 990 gelidas
722 952 864 992 pruinas.
906 953 957 984 Ac
975 955 1081 986 OEclei
1096 955 1193 997 filius
1212 957 1428 997 prior-numen
1442 958 1589 991 conciliat
1601 959 1706 990 solitis

226 990 384 1030 precibus.
432 992 637 1034 Omnipotens
650 995 793 1035 Jupiter,
815 995 930 1027 scimus
943 997 1084 1037 equidem
1099 1001 1130 1029 te
1144 999 1220 1031 dare
1235 1003 1369 1032 mentem
1378 1001 1568 1043 pra-petibus
1577 1001 1704 1045 pennis,

851 1079 1091 1093 eeeeeeeeeeee

231 1147 347 1184 negant
369 1144 555 1180 minitantia
575 1149 773 1179 veum—468
796 1147 805 1164 ‘
821 1147 878 1180 Sic
894 1147 1113 1182 scribendum
1128 1149 1200 1190 (nbi
1215 1149 1344 1193 lividus)
1358 1160 1434 1184 cum
1450 1151 1605 1184 omnibus
1627 1162 1705 1185 nos-

231 1187 294 1218 tris
309 1187 487 1220 codicibus
502 1200 509 1219 :
534 1194 572 1221 et
584 1189 707 1222 suadet
721 1191 835 1230 glossa
849 1203 857 1222 :
881 1192 891 1209 ‘
909 1192 1036 1232 lividus,
1051 1193 1201 1225 nondum
1216 1192 1339 1235 flavus,
1352 1194 1463 1227 albior
1477 1194 1587 1228 adhuc
1602 1195 1704 1229 luce!

232 1230 243 1246 ‘
258 1229 338 1262 Non
356 1236 432 1263 erat
451 1231 667 1264 librariorum
680 1234 763 1265 talia
786 1244 887 1275 posse
903 1233 1066 1276 affingere
1092 1236 1300 1269 auctoribus.
1330 1238 1410 1269 Alia
1431 1239 1443 1256 ‘
1459 1237 1518 1270 lux
1534 1238 1704 1279 maligna'

232 1274 324 1313 apud
339 1275 532 1315 Virgilium,
546 1286 626 1317 quae
640 1276 747 1308 verbo
762 1280 878 1309 tamen
894 1277 952 1310 isti
965 1278 1166 1320 Papinianae
1182 1280 1335 1312 nonnihil
1351 1281 1570 1314 consentiat.¹
1585 1282 1705 1314 Barth.

231 1318 342 1348 —469
363 1318 456 1350 Dan.
481 1318 563 1351 Put.
579 1319 702 1352 Petav.
716 1319 950 1362 Lindenbrog.
968 1327 1004 1352 et
1021 1322 1124 1354 Cruc.
1138 1323 1254 1354 lavat-ie
1269 1324 1351 1360 sole,·
1374 1323 1481 1366 Laug.
1496 1325 1600 1356 Laur.
1615 1325 1704 1356 Bus-

233 1358 294 1391 lid.
317 1359 469 1401 Lipsiau.
496 1361 687 1402 Barthiani‚
708 1363 872 1395 Petreus.
896 1364 1038 1397 Tauria.
1064 1366 1183 1398 Burm.
1199 1366 1286 1398 Exc.
1303 1366 1454 1399 Cantab>
1465 1366 1571 1398 Aldd.
1588 1367 1704 1400 Colin.

232 1401 371 1444 Gryph.
397 1404 506 1437 Basil.
533 1405 651 1437 Plant.
678 1406 826 1438 Gevart.
849 1406 1012 1440 Grasser.
1040 1407 1186 1440 Amstel.
1214 1408 1369 1441 Gronov.
1390 1409 1514 1442 Barth.
1539 1410 1651 1443 Veen.
1667 1415 1706 1444 et

231 1446 364 1487 Delph.
386 1447 511 1479 laxavit
525 1449 710 1482 sole—470
726 1450 866 1482 AEclides
878 1449 1008 1483 comum
1019 1461 1112 1492 prees
1127 1451 1210 1484 Put.
1247 1452 1392 1485 AEctides
1401 1453 1498 1485 alita
1509 1462 1600 1494 prece
1615 1454 1706 1487 Dan.

231 1486 356 1521 Pe'tav.
370 1491 481 1532 Laug.
495 1491 598 1524 Laur.
613 1492 749 1524 Buslid.
763 1493 916 1535 Lipsiau.
928 1494 1073 1526 Venett.
1089 1495 1185 1527 Rom.
1199 1494 1304 1526 Aldd.
1321 1495 1431 1528 Coliu.
1444 1496 1580 1537 Gryph.
1596 1497 1707 1530 Basil.

233 1531 353 1565 Plant.
380 1533 616 1576 Liudenbrog.
643 1540 679 1567 et
706 1536 809 1568 Cruc.
857 1537 1000 1569 OEclides
1021 1537 1166 1570 Gevart.
1192 1538 1351 1570 Grssser.
1377 1537 1526 1571 Amstel.
1553 1539 1706 1573 Gronov.

234 1575 355 1609 Barth.
370 1577 480 1610 Veen.
494 1583 531 1610 et
546 1578 677 1620 Delph.
697 1577 883 1620 Ἀμφιάραος
896 1578 1045 1612 Ὀϊκλέους
1059 1579 1260 1622 Apollodor.
1276 1581 1335 1613 lib.
1347 1590 1406 1615 ιιι.
1450 1581 1544 1615 Vide
1569 1582 1703 1625 Hygia.

896 1675 1040 1709 NOTAE

274 1740 340 1770 466
363 1737 494 1770 Gemini
519 1738 622 1781 vates]
643 1738 877 1781 Amphiaraus
902 1746 940 1774 et

231 1788 441 1830 Melampus.
501 1789 571 1822 Hic
601 1790 791 1824 notandum
816 1792 941 1824 altiora

231 1840 308 1872 loca
320 1850 468 1881 augures
480 1841 668 1874 ascendere
690 1842 812 1874 solitos
832 1852 939 1885 augu-

232 1892 292 1923 riis
315 1891 511 1933 captandis.
552 1893 603 1933 ,Et
629 1893 749 1926 Romae
772 1894 807 1926 in
834 1893 941 1937 Capi-

232 1942 318 1974 tolio
333 1948 410 1975 erat
422 1943 694 1985 auguratorium,
706 1944 749 1976 de
763 1954 832 1987 quo
848 1945 942 1978 Pub.

230 1994 369 2035 Victor,
385 1994 441 2025 vel
451 1995 694 2034 auguraculum
710 1996 827 2028 Festo.
849 1995 943 2028 Vide

172 2075 178 2083 N
232 2043 367 2076 Livium
397 2044 553 2077 Decadis
583 2045 686 2086 primi
715 2046 775 2078 lib.
812 2055 839 2079 1.
882 2046 943 2079 ubi

232 2095 306 2138 agit
327 2095 371 2128 de
395 2096 510 2128 Numa
526 2106 608 2138 rege
623 2097 787 2130 creando.
842 2096 941 2133 Sanc-

231 2151 298 2178 tam
313 2147 455 2179 cartennis
467 2147 560 2180 0112oe
575 2147 702 2180 Fronde
716 2158 834 2181 emam
847 2152 879 2181 et
894 2149 942 2182 ni-

232 2198 298 2229 veis
322 2198 427 2230 ornati
455 2200 597 2239 tempora
618 2198 723 2240 viteis]
746 2199 803 2231 Sic
817 2198 879 2232 lib.
897 2208 940 2233 11.

231 2258 279 2280 vs.
309 2251 364 2281 98.
399 2248 638 2291 ‘Glaucaeque
665 2250 809 2282 innexus
838 2250 939 2283 olivae

231 2298 407 2332 Vittarum
424 2300 724 2341 provenithonos:
768 2302 816 2335 Et
827 2301 941 2334 Theb.

232 2359 285 2383 ιν.
313 2350 357 2383 de
385 2349 508 2383 eodem
530 2350 739 2392 Amphiarao
768 2351 805 2383 in
832 2351 942 2384 aciem

233 2401 353 2434 eunti:
392 2401 402 2419 ‘
422 2401 614 2434 Frondeuti
652 2402 800 2435 crinitur
835 2403 943 2435 cassis

233 2452 337 2492 oliva,
370 2451 528 2494 Albaque
558 2452 724 2494 puniceas
740 2452 942 2495 interplicat

233 2501 343 2535 infula
355 2502 502 2535 cristas-²
545 2502 706 2545 Augures
720 2503 813 2536 enim
828 2508 867 2536 et
882 2514 940 2537 va-

235 2559 288 2586 tes
303 2555 469 2587 candidas
484 2554 610 2588 infulas
639 2565 733 2588 ramo
761 2556 864 2589 olivae
888 2555 941 2588 in-

234 2613 341 2637 nexas
359 2606 542 2648 gerebant.

277 2660 342 2689 468
359 2657 510 2690 Madidos
523 2657 578 2690 ubi
592 2657 713 2691 lucidus
722 2667 818 2700 agros
831 2658 943 2695 Orcus,

233 2708 302 2749 4⁴⁶2]
330 2707 423 2741 Hinc
445 2708 608 2753 discimus
623 2710 734 2751 prima
749 2709 825 2742 luce
838 2718 946 2751 augu-

236 2759 288 2790 ria
306 2759 385 2800 capi
406 2759 517 2791 solita.
560 2760 610 2791 Ut
633 2764 670 2792 et
695 2764 816 2792 narrat
840 2760 944 2796 Vale·

236 2809 305 2841 rius
319 2809 490 2842 Maximus
504 2809 547 2843 de
557 2810 598 2843 Τ.
612 2809 787 2853 Graccho,
796 2810 854 2854 qui
866 2820 944 2843 cum

993 1740 1037 1779 ad
1057 1749 1112 1774 res
1128 1750 1235 1774 novas
1251 1747 1447 1784 pararetur,
1461 1742 1618 1786 auspicia
1633 1743 1703 1786 pri-

994 1802 1051 1824 ma
1066 1792 1143 1824 luce
1159 1792 1284 1834 petiit:
1303 1804 1379 1836 quae
1389 1794 1439 1826 illi
1449 1803 1616 1837 perquam
1626 1794 1705 1827 tris·

995 1843 1045 1876 tia
1067 1843 1335 1885 responderunt.

1037 1896 1102 1927 469
1125 1895 1171 1927 Et
1191 1895 1334 1935 agenta
1344 1895 1466 1929 mauu
1478 1897 1542 1928 sole
1552 1895 1706 1938 pruinas]

997 1944 1163 1977 Ovidius:
1198 1950 1208 1964 ⁴
1219 1946 1351 1989 Solque
1380 1946 1563 1989 pruinosas
1599 1947 1706 1980 radiis

997 1995 1192 2029 siccaverat
1207 1996 1358 2030 herhas!

1040 2049 1106 2079 4⁷0
1131 2047 1290 2091 OEclides]
1325 2046 1569 2091 Amphiaraus,
1593 2047 1710 2082 OEclei

998 2097 1102 2130 filius.

1041 2151 1104 2182 411
1131 2148 1219 2181 Nam
1232 2153 1264 2181 te
1275 2148 1456 2191 pernicibus
1467 2149 1542 2191 alis,
1552 2149 1624 2192 fite-J
1638 2149 1707 2182 Ea-

999 2197 1076 2230 dem
1095 2208 1197 2241 paeue
1217 2198 1384 2231 similibus
1407 2199 1522 2231 verbis
1543 2199 1708 2241 exprimit

997 2248 1198 2280 Ammianus
1208 2248 1433 2281 Marcellinus
1441 2249 1502 2282 lib.
1513 2257 1595 2286 xxx.
1610 2254 1621 2269 ⁶
1634 2249 1709 2282 Au-

997 2301 1096 2342 guria
1122 2307 1160 2334 et
1175 2301 1327 2342 auspicia
1339 2311 1409 2337 uon
1425 2302 1603 2339 volucrum
1617 2301 1709 2335 arbi-

997 2351 1064 2384 trio
1089 2351 1208 2384 futura
1231 2351 1459 2386 nescientium
1486 2353 1707 2395 colliguntur,

994 2402 1076 2445 (nec
1092 2402 1184 2434 euim
1199 2403 1264 2435 hoc
1281 2402 1450 2445 insipiens
1458 2403 1643 2446 quisquan
1654 2404 1708 2437 di-

996 2454 1084 2496 cet,)
1109 2454 1169 2487 sed
1198 2455 1334 2490 volatus
1344 2456 1459 2489 avium
1469 2455 1588 2497 dirigit
1596 2455 1706 2497 nens,

994 2512 1035 2540 ut
1054 2511 1207 2540 rostrum
1219 2515 1359 2547 sonans,
1381 2511 1442 2540 unt
1456 2508 1709 2548 praetervolans

995 2557 1103 2599 pinna
1118 2556 1260 2590 turbido
1273 2561 1405 2598 meatu,
1414 2557 1470 2590 vel
1490 2557 1577 2599 leui,
1587 2557 1708 2590 futura

999 2609 1227 2642 demonstret.
1273 2607 1383 2642 Amat
1404 2607 1495 2640 euim
1511 2607 1707 2648 bcuiffliitas

998 2653 1160 2699 numinis,
1173 2668 1234 2692 scu
1247 2658 1341 2701 quod
1351 2662 1529 2691 merentur
1541 2658 1710 2700 homiues,

999 2719 1060 2743 seu
1076 2709 1168 2752 quod
1188 2708 1343 2751 tangitur
1364 2717 1485 2741 eorum
1504 2706 1706 2749 affectione,

999 2760 1051 2792 his
1075 2769 1212 2802 quoque
1230 2758 1362 2794 astibus
1375 2758 1538 2802 prodere,
1549 2768 1631 2802 (με
1643 2759 1708 2794 in·-

999 2809 1179 2852 pendent:
1223 2847 1228 2851 ,
1438 2839 1446 2846 ,
