1820 3068
242 173 330 216 990
742 183 781 215 Ρ.
815 183 1010 214 PAPINII
1044 183 1223 216 STA'ru·

243 278 378 321 Nunc
399 278 577 334 pelago,
599 291 718 322 nunc
737 291 893 334 puppe
914 280 1103 323 cadunt:
1134 280 1215 323 dat
1233 285 1391 336 operta
1409 281 1625 336 fragorem

242 347 399 398 Pinus,
421 352 466 388 et
485 346 703 402 abjunctis
722 353 954 401 regemunt
971 350 1177 392 tabulata
1197 350 1418 393 cavernis.

241 414 367 458 Tafis
389 415 684 470 Hyperborea
703 415 866 457 virides
885 416 987 458 nive
1007 418 1206 460 verberat
1227 430 1360 472 agros
1622 420 1711 464 390

241 483 423 539 Jupiter
443 497 454 526 z
486 484 687 525 obruitur
708 483 883 538 campis
902 497 1037 537 genus
1057 498 1185 527 omne
1203 484 1412 537 ferarum,

242 551 576 606 Deprensaeque
595 551 761 594 cadunt
774 552 993 602 volucres,
1014 555 1061 594 et
1079 552 1239 594 messis
1257 565 1410 596 amaro

241 619 391 661 Strata
411 619 536 673 gelu:
566 619 712 673 fragor
730 619 835 661 inde
848 619 986 674 jugis,
1002 619 1102 662 inde
1122 620 1328 663 amnibus
1347 621 1440 664 irae.

241 686 307 729 Ut
327 700 429 729 vero
449 687 570 728 elisit
590 688 732 729 nubes
752 686 872 729 Jove
893 692 1038 730 tortus
1058 689 1115 730 ab
1136 689 1227 730 alto

241 754 382 808 Ignis,
404 759 449 796 et
467 755 668 808 ingentes
688 759 871 810 patuere
891 756 938 798 in
956 757 1119 799 lumine
1138 761 1305 808 nautae,
1623 757 1710 802 395

242 821 479 875 Diriguere
501 822 652 874 animi,
672 823 963 878 manibusque
982 823 1162 866 horrore
1182 825 1383 867 remissis

240 889 382 932 Arma
401 890 546 933 aliena
566 891 758 935 cadunt:
788 893 975 935 redeunt
994 893 1040 934 in
1060 897 1248 948 pectora
1269 905 1422 935 sexus.

241 957 474 1000 Cernimus
494 959 724 1011 AEacidas,
745 961 973 1014 murisque
993 960 1187 1003 immane
1208 960 1450 1003 minantem

239 1025 480 1076 Ancaeum,
503 1030 549 1068 et
568 1026 700 1080 longa
720 1027 959 1082 pellentem
979 1028 1168 1083 cuspide
1186 1041 1328 1083 rupes

240 1093 448 1148 Iphiton:
480 1094 667 1137 attonito
686 1095 949 1139 manifestus
969 1096 1016 1138 in
1035 1096 1207 1152 agmine
1227 1109 1365 1152 supra
1383 1099 1454 1139 est
1623 1098 1711 1140 400

234 1225 355 1265 partim
374 1227 410 1258 in
435 1237 559 1260 navem.
603 1228 721 1260 Partes
745 1231 836 1260 tectae
857 1227 949 1259 navis
970 1227 1066 1259 edunt
1089 1227 1270 1269 strepitum,
1293 1227 1434 1260 tabulata
1447 1227 1584 1260 mident
1597 1226 1711 1259 divisis

238 1267 372 1302 sinibus.
415 1270 470 1302 Sic
493 1271 626 1312 Jupiter
646 1270 787 1312 percutit
819 1270 892 1302 m've
915 1270 1121 1312 Hyperborea
1146 1270 1265 1303 virides
1289 1281 1435 1312 campos,-
1468 1271 1570 1303 omnis
1592 1271 1709 1311 species

237 1309 408 1344 bestiarum
423 1314 457 1345 in
471 1314 561 1354 agris
574 1314 776 1355 opprimitur,
798 1317 830 1345 et
854 1323 926 1345 ares
949 1314 1133 1354 interceptae
1155 1314 1316 1354 labuntur,
1337 1324 1374 1345 ac
1393 1317 1515 1353 segetes
1528 1313 1623 1345 noxio
1635 1314 1710 1352 gelu

237 1353 430 1387 obruuntur.-
454 1357 528 1388 inde
548 1358 685 1388 strident
702 1356 855 1388 montium
870 1356 1042 1393 cacumina,
1063 1356 1138 1388 inde
1152 1360 1250 1388 ruunt
1263 1366 1379 1388 amnes.
1429 1357 1475 1388 Ut
1499 1366 1571 1388 tero
1584 1355 1710 1395 fulmen

236 1397 382 1430 emissum
396 1399 436 1430 ab
450 1400 514 1431 alto
528 1400 610 1432 Jove
625 1400 719 1431 nubes
733 1399 841 1439 scidit,
862 1403 894 1431 et
909 1399 1018 1439 magni
1032 1403 1139 1430 nautoe
1154 1399 1187 1430 in
1204 1399 1338 1440 fulgure
1362 1402 1587 1441 apparuerunt,
1609 1399 1710 1430 nostri

235 1439 336 1471 animi
351 1441 544 1483 obtorpuere,
565 1447 597 1474 et
611 1442 755 1474 manibus
768 1451 880 1483 pavore
892 1442 1014 1482 solutis,
1036 1442 1242 1483 armaflmmt
1255 1442 1372 1479 aliena,
1387 1445 1419 1474 et
1433 1452 1527 1474 sem
1539 1442 1709 1474 revertitur

235 1481 272 1513 in
298 1487 416 1523 pectus.
466 1486 614 1518 Videmus
629 1486 791 1522 AEucidw,
817 1488 849 1516 et
868 1485 1021 1516 Ancoeum
1045 1485 1216 1517 crudeliter
1231 1485 1402 1517 minantem
1417 1485 1566 1517 maenibus
1578 1485 1709 1519 nostris,

235 1528 268 1557 et
282 1525 413 1568 [phiton
427 1529 522 1570 longa
535 1530 642 1561 lancea
655 1528 872 1561 demolientem
886 1529 1036 1570 scopulos.
1082 1528 1239 1560 Hercules
1252 1528 1495 1571 Amphitryonis
1509 1527 1603 1570 filius
1626 1527 1709 1559 clare

862 1623 1101 1636 eeeeeeeeee

237 1690 389 1732 thianus,
411 1695 443 1723 et
457 1691 681 1723 mista—38⁹
703 1691 746 1723 In
762 1691 883 1723 eodem
899 1690 1019 1723 codice
1033 1701 1042 1722 ε
1065 1689 1192 1722 stabula
1205 1690 1272 1722 alta
1285 1689 1548 1721 coneraia—392
1570 1688 1709 1730 Depres-

235 1743 339 1775 soeque
351 1733 454 1766 Aldd.
466 1735 575 1766 Colin.
587 1734 720 1776 Gryph.
729 1740 765 1766 et
777 1735 884 1766 Basil.
908 1734 1141 1775 Deprensoeqne
1156 1741 1273 1764 omnes
1289 1731 1390 1765 codd.
1401 1741 1477 1764 cum
1491 1732 1616 1763 ceteris
1628 1727 1710 1764 edd.

181 1772 183 1774 ’
236 1780 345 1808 -395
371 1778 476 1817 Lang.
494 1778 598 1810 Laur.
620 1777 752 1810 Buslid.
768 1777 919 1819 Lipsian.
936 1776 1039 1808 Aldd.
1055 1776 1166 1808 Colin.
1181 1776 1316 1818 Gryph.
1333 1775 1441 1807 Basil.
1455 1775 1572 1807 Plant.
1586 1778 1624 1806 et
1638 1774 1709 1806 Ge-

237 1824 327 1852 vart.
349 1820 384 1852 in
399 1820 536 1857 lumime,-
558 1821 647 1853 Dan.
663 1821 747 1852 Put.
763 1820 888 1852 Petav.
906 1821 1029 1852 Bebot.
1053 1822 1084 1851 1.
1108 1819 1231 1851 Behot.
1246 1821 1278 1850 2.
1302 1827 1364 1859 pro
1380 1827 1413 1850 v.
1430 1818 1452 1849 l.
1476 1817 1709 1858 Lindenbrog.

237 1866 274 1894 et
297 1862 398 1895 Cruc.
412 1863 574 1902 firmine,-
597 1863 790 1904 Bipontina
812 1872 857 1895 ex
879 1872 997 1895 errore
1021 1871 1224 1904 operarum:
1248 1861 1283 1892 in
1303 1860 1533 1894 limina—396
1554 1861 1565 1879 ‘
1581 1860 1710 1892 Melior

236 1905 376 1938 videtur
391 1907 563 1947 scriptura
577 1907 700 1947 optimi
716 1906 808 1945 libri,
823 1905 960 1938 animis!
982 1905 1212 1937 Barth-398
1230 1904 1411 1936 Comminus
1425 1913 1512 1935 unus
1527 1903 1652 1935 Behot.
1672 1906 1710 1935 et

237 1958 343 1989 supra
361 1949 538 1988 Cernimus,
561 1959 716 1991 aequaeva
738 1950 1033 1990 scriptura.—399
1056 1948 1204 1980 Antaeum
1227 1948 1322 1979 Dan.
1346 1946 1427 1979 Put.
1457 1947 1580 1978 Petav.
1601 1946 1709 1987 Lang.

235 1991 339 2023 Laur.
354 1992 489 2024 Buslid.
504 1992 651 2034 Lipsian.
665 1991 769 2024 Aldd.
782 1993 891 2024 Colin.
908 1991 1042 2032 Gryph.
1054 1990 1160 2022 Basil.
1177 1990 1292 2022 Plant.
1308 1988 1541 2030 Lindenbrog.
1557 1994 1594 2020 et
1605 1989 1708 2021 Cruc.

235 2034 397 2066 Annaeum
422 2035 548 2069 Behot.
564 2038 597 2067 2.
632 2036 773 2067 Anceum
798 2034 924 2067 Behot.
941 2037 973 2066 1.
996 2043 1097 2075 quam
1124 2032 1309 2065 lectionem
1326 2033 1482 2072 agnoscit
1498 2030 1710 2064 Lactantius.

236 2078 391 2110 Ancaeum
414 2077 560 2111 Gevart.
584 2078 744 2110 Grasser.
761 2077 916 2110 Gronov.
940 2076 1062 2110 Barth.
1079 2076 1186 2108 Veen.
1208 2080 1246 2108 et
1260 2075 1495 2118 Delma—40⁰
1517 2074 1646 2117 Iphiton
1659 2077 1709 2105 nt-

902 2176 1049 2209 NOTAE

235 2238 442 2280 Splendidas
458 2239 619 2282 quatiunt
638 2250 754 2272 comas
766 2240 789 2273 ?'
812 2240 947 2273 Seneca
1001 2239 1109 2272 terius
1123 2251 1131 2270 ε
1170 2248 1248 2270 nam
1278 2247 1373 2270 arma
1400 2247 1469 2271 non
1498 2239 1708 2273 conveniunt

235 2289 364 2331 OEdipo
378 2300 387 2321 t
404 2292 414 2308 ‘
427 2291 598 2323 Utrumne
611 2292 721 2323 clarus
737 2291 825 2332 ignis
840 2295 876 2323 et
890 2301 946 2322 ru·
999 2289 1210 2322 mulieribus.

236 2341 317 2372 tilus
343 2340 455 2381 stetit,
470 2341 671 2384 Rectusque
697 2351 823 2383 purum
846 2341 946 2374 verti-
1043 2342 1108 2372 398
1131 2339 1298 2380 AEacidas]
1313 2339 1536 2372 Telamonem
1551 2344 1588 2372 et
1604 2339 1706 2372 Pele-

235 2399 312 2422 cem
328 2391 415 2422 coelo
433 2391 525 2427 tulit,
541 2391 589 2423 Et
608 2401 772 2424 summam
795 2391 830 2424 in
846 2401 946 2424 auras
1001 2400 1056 2423 um
1074 2391 1167 2423 AEaci
1183 2390 1284 2431 filios,
1297 2390 1342 2422 de
1355 2390 1477 2432 quibus
1492 2399 1606 2431 supra.

234 2440 332 2473 fusus
349 2441 519 2482 explicuit
534 2451 668 2473 comam
679 2441 704 2473 ?'
1044 2443 1109 2472 399
1130 2439 1296 2481 Ancoeum]
1314 2439 1463 2472 Ancaens
1478 2439 1628 2482 Lycurgi
1642 2436 1708 2472 Ar—

278 2493 344 2523 390
367 2491 591 2534 Hyperborea]
607 2492 889 2534 septemtrionali
902 2492 947 2525 ab
1002 2491 1126 2524 cadum
1143 2491 1230 2532 regis
1244 2490 1347 2533 filius,
1369 2491 1544 2533 particeps
1563 2490 1706 2532 expedi·

233 2541 476 2584 Hyperboreis
491 2543 631 2584 populis
654 2542 719 2575 snb
740 2543 944 2585 Septemtri-
1002 2542 1102 2574 tionis
1118 2542 1310 2574 Colchicae:
1338 2545 1469 2584 postea,
1480 2551 1557 2573 cum
1573 2540 1706 2572 Melea-

236 2601 303 2625 one
321 2593 408 2626 sitis.
453 2593 544 2625 Vide
558 2593 669 2626 Theb.
685 2603 709 2626 1.
724 2596 802 2626 693.
1001 2603 1064 2636 gro
1095 2599 1242 2626 navaret
1278 2603 1419 2636 operam
1452 2593 1487 2625 in
1525 2592 1705 2624 venatione

278 2645 342 2675 393
367 2644 495 2684 Fragor
515 2643 589 2676 inde
601 2644 710 2685 jugis]
746 2644 837 2676 Nive
853 2644 945 2677 scili·
1001 2645 1075 2687 apri
1104 2645 1298 2687 Calydonii,
1324 2644 1367 2677 ab
1389 2644 1454 2676 hac
1475 2642 1552 2675 fera
1572 2642 1705 2675 occisus

235 2697 295 2726 cet
312 2694 499 2726 acervatim
516 2695 675 2727 cadente.
804 2712 807 2713 ν
1001 2700 1067 2728 est.
1699 2704 1701 2706 ’

279 2746 343 2776 397
365 2743 466 2777 Arm«
480 2745 600 2786 aliena]
636 2745 679 2778 Id
694 2749 762 2787 est,
777 2754 879 2778 sexus
895 2745 943 2778 al·
1040 2749 1106 2779 400
1127 2744 1270 2788 Iphiton]
1303 2744 1438 2787 Iphims
1456 2742 1569 2777 Euriti
1583 2743 1706 2777 (Echa-

1798 1816 1820 1950 ,Ξ

1794 1950 1820 2117 ξ

1792 2292 1820 2342 ξιξ

1795 2343 1820 2381 ,5⁷
