1820 3068
579 242 644 273 ΤΗ
654 240 765 271 ΒΒΑΙ
775 239 866 272 BOS
899 239 994 270 Lm.
1026 238 1092 269 lv·

102 337 233 389 Quos
258 336 427 387 Pharis,
445 335 761 390 volucrumque
780 345 941 388 parens
961 331 1198 387 Cythereia
1219 328 1386 379 Messe,

99 405 375 460 Taygetique
393 403 606 458 phalanx,
627 407 675 445 et
693 400 882 444 oliviferi
902 400 1085 442 Eurotae

100 514 207 550 Mene
218 515 377 549 abundans
390 517 498 549 avibus
515 516 689 558 Cymaeis,
711 519 742 547 et
769 513 902 556 Taygeti
925 512 1113 554 manipulus,
1134 516 1167 544 et
1185 510 1285 551 fortis
1305 510 1414 543 colum
1428 510 1557 542 Eurota

707 598 844 611 ”NON

103 656 277 697 Turnique
298 655 438 696 phalanx
452 655 542 687 Dan.
564 658 597 686 et
618 665 636 686 ο

846 597 946 610 ‘mo

637 654 759 694 lor-(feri
786 652 953 686 Gronovii
975 651 1195 689 membranae.
1224 652 1313 684 Dan.
1329 652 1418 683 Put.
1432 651 1558 682 Petav.

98 698 327 738 Lindenbrog.
342 702 379 730 et
395 698 495 730 Cruc.
515 696 714 738 oliviferique
728 697 853 729 Behot.
869 698 901 727 2.
922 699 955 727 et
968 693 1107 733 oliviferi
1122 695 1284 727 Petrens.
1301 695 1446 736 optimae
1471 693 1558 724 Bar-

98 741 164 773 thii
190 740 410 779 membranae,
433 740 541 781 Lang.
557 739 810 772 Laut-Bustid.
840 738 995 779 Lipsian.
1020 738 1163 769 Venett.
1191 738 1290 769 Rom.
1314 736 1418 769 Aldd.
1447 736 1556 768 Colin-

98 783 233 826 Gryph.
257 783 362 815 Basil.
386 782 504 815 Plant.
520 782 665 815 Gerart.
691 782 851 815 Grasser.
884 781 1041 814 Gronov.
1066 778 1212 813 Amstel.
1238 780 1360 813 Barth.
1383 780 1494 811 veen.
1520 783 1558 810 et

759 867 901 903 NOTAE

97 932 219 965 monia
235 933 384 975 virgines
397 933 578 976 quotannis
586 932 715 965 festum
725 932 799 964 obi-

97 983 194 1023 bant,
221 983 402 1025 patrioque
422 983 492 1015 ritu
517 984 733 1015 saltationem
763 982 798 1014 in

97 1033 260 1066 honorem
285 1034 410 1066 Dianae
432 1033 668 1073 celebrabant,
692 1039 731 1066 ut
745 1042 797 1065 re-

98 1083 171 1118 fert
199 1083 388 1116 Pausanias
411 1085 445 1116 in
474 1084 668 1117 laconicis.
711 1085 798 1117 Con·

98 1134 289 1166 tendebant
322 1139 360 1167 et
396 1135 489 1167 inter
524 1145 561 1167 se
599 1135 797 1168 Citharoedi.

98 1183 193 1216 Hinc
213 1184 365 1216 Lucieno
378 1183 584 1226 καρυατίζειν,
597 1185 633 1217 iu
650 1185 798 1226 Dialogo

97 1233 143 1276 de
170 1234 375 1275 saltatione,
400 1240 454 1268 est
478 1245 585 1276 genus
606 1235 798 1267 saltationis

96 1284 311 1326 exercere‚iu
321 1285 441 1327 Caryis
453 1284 611 1318 Laconiae
623 1285 798 1325 usitatum,

99 1336 192 1379 quod
220 1345 242 1368 a
274 1335 420 1370 Polluce
449 1342 486 1369 et
514 1337 658 1369 Castore
687 1335 798 1369 refert

97 1386 376 1419 Lacedaemonios
396 1387 570 1420 didicisse.
615 1387 746 1420 Scribit
759 1392 797 1421 et

97 1431 264 1469 Polemon
278 1437 314 1470 in
336 1446 378 1470 n.
421 1440 432 1455 ‘
444 1438 668 1470 Execestides
688 1437 796 1470 citha-

98 1487 211 1520 roedus
242 1487 371 1529 Pythia
397 1487 506 1528 vicit‚'
540 1493 578 1520 et
605 1487 795 1529 caryomm

97 1537 299 1570 ‘certamen
324 1537 360 1570 in
384 1538 536 1571 Laconia
560 1537 668 1570 vicit:
710 1538 797 1570 Dio·

97 1586 217 1621 medes
252 1587 358 1621 etiam
393 1588 647 1622 Grammaticus
683 1588 798 1629 ejusce

96 1637 288 1683 saltationis
298 1638 508 1671 mentionem
517 1637 601 1671 facit
611 1648 622 1677 ς
635 1638 686 1670 ait
695 1638 799 1680 enim,

97 1687 216 1720 Xerxe
225 1689 261 1721 in
270 1688 442 1721 Graeciam
455 1688 677 1730 adventante,
683 1697 800 1733 omnes

96 1738 238 1772 deserta
266 1740 415 1772 Laconia
446 1744 543 1772 metu
575 1739 798 1771 barbarorum

96 1790 315 1832 perterritos,
326 1790 362 1822 in
377 1790 532 1822 diversas
553 1795 669 1832 partes
690 1789 798 1832 fugis-

97 1849 149 1881 se,
175 1848 218 1872 ac
240 1839 390 1882 virgines
409 1840 532 1872 timore
554 1841 721 1880 latuisse3
754 1850 798 1873 ex

96 1890 163 1923 hoc
182 1891 354 1931 evenisse,
376 1895 418 1923 ut
438 1901 480 1924 eo
503 1891 570 1932 die,
590 1900 659 1933 qno
680 1891 799 1922 solitus

97 1945 177 1974 erat
189 1941 312 1975 chorus
327 1942 497 1984 virginum
517 1942 644 1974 Dian-e
670 1941 797 1983 carya-

95 1990 163 2024 tidi
175 1991 336 2034 hymnum
355 2002 494 2032 canere,
511 2001 611 2025 nemo
627 1992 671 2024 ad
686 1992 797 2025 solen·

95 2050 300 2082 nemetum
319 2041 556 2074 inveniretur:
580 2047 662 2075 tunc
680 2042 798 2085 itaque

95 2090 261 2127 Pastum
281 2092 317 2124 in
341 2092 460 2124 urbem
479 2094 690 2135 convenisse,
702 2098 740 2125 et
752 2102 797 2127 ne

96 2140 183 2174 ritus
198 2151 372 2174 sacrorum
383 2142 705 2184 interrumperetur,
721 2153 797 2185 pas-

98 2191 201 2234 torali
217 2192 368 2225 carmine
383 2194 575 2234 composito
596 2194 682 2226 Deae
697 2195 799 2226 hono-

94 2251 168 2286 rem
189 2242 394 2281 celebrasse.
437 2243 486 2276 Et
512 2241 720 2276 Plutarchus
744 2254 797 2276 re·

96 2290 168 2330 fert
180 2291 218 2325 in
230 2291 440 2334 Artaxerxe,
452 2294 655 2327 Clearchum
671 2294 797 2326 Ctesias

95 2341 135 2385 in
146 2341 279 2384 signnm
294 2342 458 2375 amicitiae
472 2345 634 2376 annulum
649 2343 800 2385 dedisse,

96 2391 208 2434 inquo
218 2391 400 2433 insculptae
409 2393 611 2434 Caryatides
622 2395 799 2428 saltantes.

96 2440 202 2474 Unde
227 2440 315 2474 dicit
337 2441 450 2474 Poeta
473 2442 596 2484 Caryas
614 2443 732 2475 habiles
755 2443 798 2476 ad

97 2491 325 2529 resonandum
352 2491 603 2531 saltationibus.
630 2503 709 2536 quaa
738 2493 799 2526 fie-

97 2536 184 2574 bant
197 2540 234 2573 in
247 2539 411 2574 honorem
425 2541 544 2574 Dianae
559 2552 579 2574 a
594 2543 718 2584 puellis
733 2543 799 2575 La-

97 2589 326 2630 cedaemoniis.
379 2591 428 2623 Et
453 2591 647 2633 Caryatidis
674 2593 797 2625 Dianae

98 2634 232 2684 ιίςιιιιω
245 2640 308 2672 snb
322 2639 379 2672 dio
395 2646 483 2673 erat.
526 2641 620 2674 Hinc
641 2642 703 2674 lux
718 2642 799 2676 huic

98 2683 188 2721 loco.
229 2690 391 2723 Ceterum
419 2701 498 2724 cum
525 2691 647 2724 incolae
681 2693 800 2734 ejusce

100 2737 196 2771 urbis
208 2739 386 2773 stetissent
400 2750 422 2773 a
443 2741 600 2783 partibus
615 2742 799 2776 Persarum

101 2792 224 2823 contra
237 2791 391 2834 Graecos,
404 2792 553 2826 victores
569 2792 702 2835 Graeei,
718 2803 800 2828 con-

851 931 960 964 versis
975 931 1009 963 iu
1035 940 1096 963 eos
1120 931 1234 971 armis,
1256 928 1423 972 oppidum
1442 927 1557 959 dirue-

851 989 931 1016 runt
945 982 1138 1016 interfectis
1152 982 1308 1015 omnibus
1323 980 1485 1020 maribus,
1503 989 1557 1012 re-

853 1035 1066 1076 servatisque
1102 1034 1137 1065 in
1178 1032 1363 1064 ludibrium
1400 1030 1558 1062 victoriae

850 1084 1071 1117 mulieribus:
1094 1093 1165 1116 uon
1185 1083 1275 1115 euim
1291 1081 1384 1124 passi
1398 1084 1478 1112 suut
1492 1084 1561 1112 sto-

852 1135 914 1171 las,
928 1143 1041 1176 neque
1066 1138 1207 1166 ornatus
1223 1131 1434 1165 matronales
1450 1130 1557 1172 depo·

852 1194 947 1226 nere,
961 1185 1013 1217 uti
1027 1193 1097 1216 non
1112 1193 1180 1216 nno
1196 1183 1370 1224 triumpho
1388 1181 1557 1213 duceren-

852 1239 910 1267 tur
934 1233 995 1268 sed
1021 1239 1154 1267 aeteruo
1186 1233 1363 1267 servitutis
1394 1232 1556 1273 exemplo

852 1286 948 1328 gravi
972 1285 1180 1318 contumelia
1194 1294 1322 1327 pressae
1339 1292 1456 1325 poenas
1471 1291 1557 1324 pen-

850 1335 933 1368 dere
960 1335 1160 1368 viderentur
1191 1345 1253 1377 pro
1282 1334 1450 1367 civitate:
1476 1333 1556 1365 ideo

849 1387 909 1429 qui
942 1391 1026 1419 tunc
1047 1386 1243 1419 Architecti
1270 1385 1426 1425 fuerunt,
1450 1382 1559 1416 edifi-

850 1437 914 1470 ciis
930 1437 1076 1479 publicis
1095 1436 1322 1478 designarunt
1336 1444 1455 1467 earum
1470 1435 1554 1466 ima-

850 1488 948 1530 gines
982 1487 1079 1520 oneri
1107 1486 1256 1519 ferundo
1286 1486 1483 1525 collocatas,
1517 1490 1559 1517 ut

851 1539 956 1571 etiam
972 1537 1118 1580 posteris
1134 1542 1215 1570 nota
1236 1546 1342 1580 poena
1355 1534 1558 1577 Caryatium

849 1589 1026 1623 memoriae
1041 1588 1253 1628 traderetur,
1280 1595 1402 1629 eaeque
1432 1584 1554 1626 imagi·

852 1648 913 1671 nes
937 1636 1184 1680 ‘Caryatides’
1219 1636 1393 1669 dicuntur.
1433 1633 1559 1666 Vitru-

851 1690 929 1721 vius
943 1687 1005 1720 lib.
1017 1696 1045 1720 1.
1074 1685 1299 1728 Caryatidum
1310 1685 1429 1725 etiam,
1439 1683 1473 1715 id
1490 1687 1558 1724 est,

852 1742 1041 1771 statuarum
1070 1736 1291 1769 muliebrium
1310 1735 1347 1767 in
1375 1733 1556 1773 columnis,

851 1789 1008 1822 meminit
1021 1788 1155 1820 Plinius
1169 1784 1231 1819 lib.
1244 1794 1379 1818 xxxvt.
1394 1794 1472 1826 cap.
1485 1787 1519 1815 6.

894 1842 961 1872 226
982 1838 1119 1879 Pluris]
1140 1837 1261 1869 Pharis
1276 1846 1338 1868 seu
1353 1834 1478 1867 Pharae
1497 1843 1558 1876 op-

852 1890 968 1932 pidum
979 1889 1160 1922 Laconiae:
1173 1886 1264 1919 unde
1273 1885 1382 1919 Theb.
1392 1895 1435 1918 n.
1447 1885 1458 1902 ‘
1468 1884 1559 1916 Pha-

851 1940 914 1972 raei
938 1938 1064 1972 duces)
1112 1938 1336 1979 Volua-mque
1357 1945 1472 1978 parens
1495 1935 1559 1977 Cy·

851 1990 974 2023 thereia
995 1988 1116 2030 Messe]
1138 1989 1255 2020 Messe
1282 1987 1364 2019 urbs
1384 1985 1559 2026 Laconiae,

851 2050 955 2084 quam
982 2039 1156 2072 Homerus
1182 2042 1287 2070 vocat
1322 2037 1428 2070 etiarn
1462 2042 1559 2068 πολυ-

847 2090 999 2133 τρήρυνιι,
1022 2090 1056 2122 id
1082 2094 1149 2128 est,
1173 2088 1323 2120 wimbis
1336 2087 1559 2126 abundantem,

850 2151 927 2183 quae
943 2149 1051 2172 sacrae
1075 2143 1156 2171 suut
1167 2138 1297 2170 Veneri
1312 2149 1323 2178 ;
1344 2138 1426 2170 ideo
1439 2137 1559 2169 Messe

850 2190 1092 2232 cognominata
1105 2188 1286 2230 Cythereia.

895 2243 960 2273 227
985 2239 1194 2281 Taygetique]
1204 2239 1384 2279 Taygetus
1397 2246 1459 2269 seu
1468 2236 1558 2279 Tay·

851 2294 948 2332 geta,
976 2298 1076 2321 mons
1106 2288 1266 2320 Laconiae
1295 2296 1405 2329 prope
1418 2285 1560 2320 fluvium

852 2341 1032 2379 Eurotam,
1043 2343 1081 2377 et
1092 2338 1267 2380 Amyclas.
1284 2339 1330 2369 Et
1343 2337 1481 2376 oliviferi
1491 2337 1559 2369 Eu·

850 2391 951 2433 rotoe}
969 2393 1116 2424 Eurotas
1130 2389 1253 2422 fluvius
1269 2389 1441 2422 Laconiae.
1489 2389 1559 2420 011·-

850 2441 964 2484 vq‘feri]
980 2441 1171 2483 Reperitur
1182 2441 1220 2473 in
1233 2439 1441 2472 membranis
1457 2439 1558 2472 bouae

851 2498 959 2533 notae,
970 2496 1010 2523 ut
1017 2491 1181 2524 observat
1190 2489 1396 2529 Gronovius,
1406 2489 1560 2530 oloriferi,

851 2542 944 2586 quod
970 2542 1007 2574 in
1036 2540 1226 2573 Parisiensi
1252 2544 1444 2581 receptum.
1487 2538 1559 2585 Hic

852 2596 909 2625 est
936 2591 1042 2632 enim,
1072 2590 1130 2632 qui
1160 2591 1195 2621 in
1216 2589 1329 2622 Theb.
1352 2597 1390 2622 x-
1433 2589 1558 2622 ‘Falso

853 2652 980 2684 gurges
1003 2640 1165 2673 laudatur
1188 2641 1283 2672 olore
1294 2640 1316 2672 :'
1338 2649 1403 2672 nec
1418 2638 1558 2672 aliunde

852 2693 890 2727 in
914 2692 1068 2735 Epithal.
1112 2691 1257 2724 stella:
1279 2691 1495 2734 ‘Amyclaeos
1511 2690 1556 2724 ad

854 2743 964 2778 frma
978 2742 1102 2777 citavit
1116 2741 1256 2776 olores!
