1820 3068
257 249 277 292 1
287 249 374 294 026

735 282 741 286 -
783 260 824 292 Ρ.
857 259 1054 291 ΡΑΡΙΝΙΙ
1088 259 1255 291 STATH

254 356 474 400 Proxima
494 356 677 411 vipereo
693 354 937 398 celebravit
955 355 1093 400 libera
1107 369 1232 398 nexu

254 424 422 467 Phocis
443 423 704 479 Apollineae
723 423 888 466 bellum
907 424 1077 479 puerile
1098 424 1335 479 pharetrae.

255 492 371 534 Mox
391 493 559 535 circum
580 493 732 534 tristes
751 495 931 534 servata
951 491 1223 534 Palaemonis
1241 504 1345 534 aras
1407 495 1409 501 ⁴

1676 491 1733 532 10

256 560 402 614 Nigra
421 560 696 615 superstitio,
718 560 893 616 quoties
914 560 1120 603 animosa
1139 560 1324 602 resumit

255 627 510 670 Leucothoe
531 629 736 682 gemituS,
756 633 804 670 et
823 628 971 670 amica
990 627 1048 670 ad
1064 627 1221 670 littora
1239 627 1355 670 festa

255 695 540 750 Tempestate
559 696 704 739 venit:
735 696 919 751 planctu
937 696 1196 739 conclamat
1215 699 1403 751 uterque

256 763 472 816 Isthmos,
494 764 729 807 Echioniae
750 767 1013 820 responsant
1032 763 1181 806 flebile
1199 763 1384 806 Thebae.

256 893 328 922 rata
341 890 508 930 anguineis
521 890 630 932 spiris,
645 891 814 923 celebrauit
828 895 986 924 certamen
995 891 1089 933 pueri
1102 891 1261 932 Apollinis
1274 902 1344 924 cum
1359 891 1515 935 Pythone,
1529 901 1619 933 quem
1630 892 1731 931 sagit-

256 934 300 965 tis
314 934 487 972 interfecit.
535 935 662 966 Deinde
685 935 840 976 pullatum
867 935 994 966 Festum
1010 935 1136 974 suctum
1150 938 1199 966 est
1213 936 1255 966 ud
1272 938 1383 967 moestn
1397 935 1588 967 Paloemonis
1601 935 1733 972 altaria,

257 979 378 1017 quoties
399 977 558 1018 pertinaci
579 978 699 1018 pietate
715 977 892 1010 Leucothoe
906 980 1037 1009 renovat
1052 979 1165 1018 luctus,
1178 981 1209 1009 et
1222 979 1309 1010 venit
1320 987 1408 1010 sacro
1422 981 1558 1018 tempore
1578 978 1620 1009 ad
1642 986 1731 1009 caras

257 1019 359 1060 ripas.
406 1020 582 1062 Utrumque
597 1020 712 1052 Isthmi
726 1021 817 1052 littus
831 1025 957 1053 resonat
970 1021 1112 1062 planctu,
1126 1023 1159 1052 et
1169 1021 1333 1053 Echionioe
1343 1020 1462 1053 vThebe
1476 1020 1622 1052 lamentis
1633 1020 1734 1053 resut-

874 1116 1116 1129 000090000000

259 1183 326 1213 -8
361 1181 443 1213 Put.
465 1181 738 1214 celebratum—12
761 1182 940 1216 Leucothea
962 1193 1050 1216 unus
1074 1183 1197 1216 Behot.
1219 1183 1396 1216 Leucothoa
1410 1182 1579 1216 Pan-14
1603 1182 1732 1214 AEchio-

917 1270 1064 1304 NOTIE

302 1334 323 1363 8
345 1314 505 1365 Proxim'a
526 1334 651 1375 vipereo
678 1335 846 1367 celebravit
871 1335 972 1368 libera

257 1393 344 1415 nexu
372 1383 491 1416 Phocis
520 1384 696 1425 Apollinea
718 1386 831 1418 bellum
852 1387 973 1427 puerile

254 1433 433 1476 pharetroe]
456 1434 633 1476 Intelligit
646 1435 746 1467 ludos
763 1436 907 1478 Pythios
922 1436 972 1467 in·

259 1484 399 1516 stitutus
418 1484 594 1526 primumn
611 1485 795 1526 Diomede,
809 1490 847 1517 ut
862 1485 971 1517 refert

257 1534 461 1572 Pausanias,
472 1534 506 1566 in
520 1534 683 1568 honorem
697 1535 881 1578 Apollinis,
891 1546 970 1568 cnm

258 1583 438 1626 effugisset
463 1589 725 1628 tempestatem,
739 1596 818 1629 quae
834 1586 971 1619 Graecis

259 1636 304 1668 ab
321 1635 387 1668 Ilio
402 1637 655 1669 revertentibus
670 1637 821 1669 immissa
836 1642 903 1670 est.
921 1637 971 1669 Hi

259 1691 375 1719 autem
399 1687 576 1729 praecipue
600 1688 871 1720 celebrabantur
886 1688 972 1720 Del·

259 1737 334 1780 phis
350 1737 387 1770 in
403 1738 557 1770 Phocide
581 1738 616 1770 in
642 1739 842 1771 memoriam
859 1743 972 1772 certa-

257 1787 359 1820 minis
374 1787 544 1830 Apollinis
555 1799 632 1822 cum
650 1790 813 1832 Pythone
829 1798 971 1832 serpen-

259 1843 307 1876 te,
324 1838 383 1880 qui
407 1839 495 1871 hanc
511 1840 687 1882 regionem
714 1839 921 1879 infestabat,
936 1845 973 1874 et

258 1889 411 1931 prolixus
426 1890 585 1932 Hymnus
600 1890 635 1922 in
650 1890 849 1933 Apollinem
867 1901 970 1924 cane-

259 1940 365 1972 batur
380 1940 486 1973 certis
500 1941 623 1982 modis,
637 1942 673 1973 in
689 1951 759 1985 quo
775 1946 849 1974 tota
864 1943 970 1975 series

259 1991 470 2023 certaminus
499 1992 758 2031 continebatur,
784 1998 825 2026 ut
849 1993 970 2026 scribit

259 2043 387 2075 Strabo
403 2043 464 2075 lib.
484 2052 540 2076 rx.
583 2043 759 2084 Apollineoe
774 2044 884 2076 bellum
895 2054 973 2086 pue·

258 2094 318 2125 rile
346 2093 521 2135 pharetrae]
556 2094 647 2128 Quia
680 2094 808 2136 Apollo
836 2095 972 2136 sagittis

259 2143 406 2176 confixit
431 2145 643 2186 Pythonem,
660 2149 695 2178 et
711 2145 776 2177 hoc
793 2150 971 2178 certamen

259 2195 412 2228 confecit
428 2195 632 2228 adolescens
645 2196 842 2229 admodum.

303 2249 345 2278 10
369 2246 451 2278 Mox
465 2247 584 2278 circum
605 2246 714 2279 tristes
726 2250 851 2279 servata
867 2247 972 2280 Palae-

258 2300 359 2330 monis
378 2308 452 2331 arus
477 2299 586 2339 Nigra
609 2298 805 2340 superstitio,
818 2299 890 2340 ἑγὼ]
914 2299 972 2332 In-

259 2350 336 2381 nuit
365 2349 464 2381 ludos
489 2348 675 2381 Isthmicos
697 2349 830 2381 dicatos
853 2350 973 2381 honori

259 2400 482 2442 Palaemonis,
496 2410 557 2432 seu
570 2401 783 2441 Melicertae,
795 2410 815 2432 a
826 2400 974 2442 Sisypho

261 2450 517 2483 Corinthiorum
542 2460 639 2492 rege.
692 2450 828 2483 Plinius
856 2455 971 2482 tamen

261 2507 298 2533 et
327 2500 500 2533 Pindarus
525 2501 587 2534 hos
610 2506 831 2534 consecratos
867 2499 971 2533 fuisse

261 2552 429 2594 Neptuno
445 2551 613 2583 scribunt.
657 2552 704 2584 Et
718 2551 924 2583 Plutarchus
937 2551 972 2582 in

259 2602 394 2634 Theseo
422 2600 532 2633 refert
559 2601 656 2633 illum
684 2600 788 2633 fuisse
810 2601 971 2642 primum,

261 2654 318 2696 qui
342 2654 402 2686 hos
423 2653 524 2685 ludos
547 2652 702 2685 instituit
723 2652 758 2684 in
781 2652 912 2684 Isthmo
934 2652 970 2684 in

260 2706 426 2738 honorem
452 2705 564 2747 patris
593 2704 763 2747 Neptuni,
785 2703 828 2736 ad
858 2704 970 2737 imita-

262 2757 391 2789 tionem
420 2756 600 2797 Herculis,
624 2756 683 2798 qui
698 2756 798 2788 ludos
815 2755 971 2798 Olympi-

260 2817 318 2839 cos
336 2808 371 2840 in
384 2808 545 2840 honorem
566 2807 666 2840 Jovis
682 2806 794 2848 patris
814 2805 971 2838 institue-

1025 1341 1080 1368 rat
1093 1347 1102 1368 :
1126 1335 1216 1378 quod
1229 1335 1320 1368 enim
1334 1339 1439 1368 noctu
1448 1333 1556 1366 fiebat
1567 1333 1731 1366 Melicer-

1026 1391 1073 1418 tae
1104 1396 1165 1418 seu
1195 1385 1400 1426 Palaemoni,
1433 1394 1507 1426 prae
1539 1393 1579 1416 se
1610 1383 1731 1417 tulisse

1025 1437 1140 1479 potius
1156 1437 1306 1479 speciem
1322 1434 1534 1478 quorundam
1549 1434 1731 1477 mysterio·

1025 1497 1098 1519 rum
1115 1497 1155 1519 ac
1171 1496 1359 1527 sacrorum,
1370 1496 1446 1529 qua
1485 1486 1678 1527 spectaculi
1693 1490 1732 1517 et

1024 1542 1217 1569 conventus
1233 1535 1374 1577 publici.
1525 1540 1643 1568 autem
1662 1536 1673 1554 ¹
1685 1536 1734 1567 ni-

1017 1597 1122 1628 gram
1170 1585 1470 1629 superstitionem'
1514 1585 1729 1618 caerimonias

1025 1647 1103 1679 quae
1133 1636 1265 1670 fiebant
1291 1637 1327 1669 in
1355 1635 1479 1669 funere
1507 1636 1729 1669 Palaemonis.

1028 1690 1149 1722 Tristes
1172 1688 1261 1730 aras]
1278 1682 1282 1685 ⁴
1299 1687 1373 1721 Ara
1405 1688 1496 1721 euim
1536 1687 1731 1720 Melicertae

1026 1744 1146 1772 erecta
1159 1744 1248 1781 erat,
1272 1748 1315 1771 eo
1338 1739 1416 1772 loco
1433 1748 1499 1781 quo
1514 1748 1640 1780 corpus
1655 1738 1731 1780 ejus

1027 1801 1048 1823 a
1062 1790 1211 1832 Sisypho
1235 1790 1416 1822 inventum
1441 1788 1570 1828 fuerat,
1594 1788 1732 1822 eodem-
1795 1810 1799 1814 .

1026 1850 1092 1883 que
1107 1840 1143 1872 in
1156 1841 1233 1872 loco
1248 1839 1321 1872 ludi
1335 1839 1492 1872 Isthmici
1507 1838 1733 1872 celebraban-

1025 1896 1094 1923 tur.
1140 1891 1232 1924 Vide
1262 1891 1469 1923 Pausaniam
1492 1890 1732 1924 Corinthiacis.

1029 1942 1167 1985 Tristes]
1190 1942 1278 1975 Haec
1303 1942 1393 1974 enim
1418 1951 1519 1974 sacra
1542 1941 1674 1974 fiebant
1695 1942 1731 1974 in

1024 1994 1188 2026 honorem
1202 1994 1328 2026 mortui
1345 1998 1383 2026 et
1394 2003 1472 2026 cum
1486 2002 1610 2035 magno
1625 1993 1732 2033 ejula-

1025 2047 1077 2076 tu.
1120 2043 1232 2084 Nigra
1254 2043 1453 2085 superstitio]
1475 2044 1567 2077 Quia
1580 2047 1656 2075 atra
1671 2052 1732 2075 sen

1026 2094 1165 2136 lugubri
1186 2100 1281 2127 veste
1302 2094 1415 2127 induti
1437 2094 1513 2127 haec
1539 2104 1640 2127 sacra
1653 2094 1731 2127 Me·

1024 2146 1157 2178 licertae
1173 2145 1400 2187 peragebant.

1069 2199 1111 2229 12
1133 2195 1309 2229 Leucothoe·
1319 2195 1475 2237 gemitu]
1498 2195 1555 2227 Illi
1569 2195 1660 2227 enim
1674 2195 1732 2237 qui

1025 2247 1099 2279 haec
1108 2256 1208 2279 sacra
1217 2246 1410 2279 Melicertae
1418 2245 1653 2286 celebrabant,
1660 2245 1734 2277 imi·
1788 2267 1799 2288 ;=

1026 2299 1191 2332 tabantur
1206 2297 1354 2339 gemitus
1379 2301 1416 2329 et
1436 2297 1586 2339 ejulatu·
1602 2297 1732 2329 Leuco-

1027 2349 1127 2382 thoes
1143 2359 1204 2381 seu
1219 2349 1317 2390 Inus,
1332 2348 1392 2380 ubi
1415 2356 1541 2389 corpus
1561 2350 1731 2380 mortuum
1784 2357 1820 2392 :⁴3

1025 2399 1086 2432 filii
1096 2400 1270 2432 inventum
1282 2398 1361 2432 fuit.
1371 2397 1463 2431 Vide
1474 2398 1582 2431 Theb.
1591 2407 1615 2430 r.
1627 2400 1683 2431 13.
1696 2402 1733 2429 et
1787 2407 1805 2434 -.'
1819 2394 1820 2408 ³

1027 2453 1082 2483 14.
1094 2450 1206 2483 Amica
1216 2451 1257 2482 nd
1269 2450 1392 2492 littora]
1405 2448 1528 2481 Isthmi
1537 2449 1685 2486 scilicet,
1696 2448 1731 2480 in

1025 2511 1091 2544 quo
1119 2501 1155 2533 hi
1178 2501 1251 2533 ludi
1279 2509 1341 2532 seu
1369 2500 1444 2532 haec
1470 2509 1568 2532 sacra
1588 2498 1730 2531 fiebant.
1792 2527 1793 2530 ,

1026 2553 1125 2585 Festa
1139 2549 1350 2592 Tempestate]
1359 2550 1401 2582 Id
1417 2553 1485 2587 est.
1495 2553 1651 2590 tempore
1661 2557 1729 2590 quo
1788 2551 1801 2588 ζ

1025 2603 1060 2635 1ιί
1075 2603 1146 2635 ludi
1162 2602 1252 2634 sacri
1267 2600 1546 2634 celebrabantur.
1786 2639 1787 2642 Ἴ

1068 2656 1111 2686 14
1142 2651 1292 2692 Isthmos]
1323 2650 1415 2683 Vide
1449 2649 1557 2682 Theb.
1590 2657 1618 2681 1.
1654 2651 1729 2682 12⁰.
1782 2647 1789 2653 ’“

1025 2702 1189 2735 Echioniae
1202 2701 1330 2742 Thebae]
1343 2699 1471 2732 Thebae
1484 2699 1650 2732 Echionioe
1659 2699 1732 2734 dice

1025 2759 1072 2787 tae
1085 2754 1128 2786 ab
1139 2753 1292 2786 Echione
1302 2761 1371 2784 uno
1383 2760 1403 2782 e
1415 2749 1564 2792 Spartis,
1577 2750 1636 2792 qui
1651 2759 1728 2782 cnm

1026 2804 1157 2839 Cadmo
1183 2802 1320 2836 Thebas
1357 2801 1522 2835 condidit.
1565 2801 1728 2834 Ceterum
1779 2838 1783 2842 .
