1820 3068
242 213 331 258 882

745 225 786 255 Ρ.
818 222 1009 255 ΡΑΡΙΝΙῙ
1041 223 1207 256 s'rA'ru

245 322 429 365 Scilicet
446 320 552 377 (heu
572 317 751 375 Superi)
769 332 869 362 cum
890 325 940 362 tu
960 320 1137 363 eludare
1157 319 1320 364 minaci

244 390 446 440 Casside,
464 390 736 443 ferratusque
755 401 906 438 sones,
926 402 1006 442 ego
1026 389 1180 431 divitis
1201 402 1355 431 aurum

243 458 506 501 Harmoniae
526 456 676 499 dotale
697 457 876 510 geram‘l
909 456 1036 498 dabit
1051 456 1198 510 aptior
1212 456 1301 498 ista

243 526 358 568 Fors
378 526 515 575 Deus,
535 524 855 578 Argolicasque
874 523 1033 565 habitu
1051 525 1276 579 praestabo
1295 523 1493 575 maritas,

242 593 355 635 Cum
375 593 488 647 regis
505 593 684 647 conjux,
702 604 804 634 cum
824 595 869 633 te
887 591 995 633 mihi
1014 591 1198 645 sospite,
1213 591 1380 646 templa

240 660 423 703 Votivis
442 660 669 715 implenda
688 659 860 701 choris:
894 671 1013 700 nunc
1032 658 1189 700 induat
1207 658 1300 709 illa,

243 728 360 780 Quae
380 728 507 782 petit,
529 731 574 770 et
591 727 783 769 bellante
802 729 949 781 potest
967 726 1157 780 gaudere
1172 725 1348 768 marito.

1615 726 1702 769 210

240 796 319 837 Sic
339 795 622 850 Eriphylaeos
642 807 796 836 aurum
812 793 949 835 fatale
969 797 1156 848 penates

239 862 420 917 Irrupit,
443 863 748 916 scelerumque
768 861 962 914 ingentia
978 861 1150 902 semina
1169 860 1323 910 movit,

239 930 301 972 Et
318 943 449 984 grave
470 928 715 984 Tisiphone
733 928 832 970 risit
853 928 1009 980 gavisa
1022 927 1198 970 futuris.

238 1051 307 1074 cum
322 1047 357 1075 tu
370 1046 491 1084 tegaris
504 1046 639 1078 terribili
651 1046 755 1086 galea,
777 1049 808 1077 et
830 1045 948 1077 cinctus
967 1046 1064 1078 armis
1078 1047 1221 1088 crepites,
1242 1057 1301 1087 ego
1318 1047 1426 1087 feram
1440 1047 1559 1080 dotales
1571 1051 1700 1080 ornatus

233 1086 373 1125 potentis
391 1087 600 1121 flamonia?
622 1089 701 1121 Fors
716 1089 806 1120 Deus
829 1089 994 1120 secundior
1019 1090 1127 1121 reddet
1154 1090 1229 1129 ista,
1251 1094 1282 1122 et
1306 1092 1393 1122 cultu
1407 1091 1528 1122 anteibo
1541 1095 1701 1124 matronas

236 1128 387 1168 Argivas,
409 1141 478 1163 cum
492 1141 572 1163 uxor
585 1132 671 1171 regis
685 1129 817 1172 implebo
831 1133 947 1172 templa
959 1133 1121 1172 promissis
1131 1133 1246 1171 choris,
1262 1136 1293 1164 te
1307 1133 1385 1165 mihi
1395 1143 1518 1166 reverso
1531 1133 1678 1165 incolumi
1687 1144 1700 1164 .-

234 1179 318 1202 nunc
332 1172 388 1203 illa
401 1174 527 1214 vestiat,
542 1184 611 1215 quoe
623 1174 735 1215 poscit,
748 1177 780 1205 et
791 1177 895 1214 potest
908 1175 1013 1205 laelari
1026 1176 1099 1206 dum
1113 1176 1164 1207 vir
1178 1175 1308 1207 militat.
1339 1176 1394 1207 Sic
1398 1176 1564 1215 funestum
1586 1186 1699 1208 aarum

236 1213 333 1246 irruit
359 1216 393 1247 in
416 1218 538 1249 domum
550 1217 729 1258 Eriphyles,
752 1219 783 1248 et
804 1226 897 1248 causa
913 1215 984 1255 fuit
1008 1218 1162 1250 atrocium
1176 1218 1373 1261 facinorum,
1394 1222 1425 1251 et
1442 1219 1610 1262 Tisiphone
1624 1220 1699 1251 loeta

848 1300 1086 1314 0000000‘0000

237 1366 364 1399 Behot.
382 1370 414 1400 1.
437 1369 556 1400 solante
578 1369 744 1401 tumultum
753 1379 766 1406 ;
788 1371 825 1399 et
841 1377 904 1409 pro
919 1379 951 1400 v.
967 1369 992 1400 l.
1019 1369 1280 1402 timorem—203
1304 1369 1414 1403 Codd.
1443 1374 1480 1402 et
1504 1369 1585 1402 edd.
1610 1375 1700 1403 vett.

234 1411 397 1442 adver-tere
411 1411 523 1443 crines.
566 1412 701 1453 Lipsius
716 1412 738 1443 Ι.
752 1412 773 1442 Ι.
790 1411 953 1443 correxit.
988 1411 1078 1443 Vide
1094 1412 1248 1444 Medium
1263 1413 1377 1454 Epist.
1390 1415 1443 1444 62.
1481 1413 1569 1444 Dan.
1587 1413 1696 1445 Hein-

234 1453 322 1484 sium
337 1453 380 1484 ad
396 1453 457 1486 Sil.
473 1454 553 1486 Ital.
571 1464 650 1486 vlu.
674 1453 898 1486 Gebhardum
914 1454 957 1485 ad
973 1454 1102 1486 Tibull.
1121 1464 1147 1487 1.
1162 1457 1193 1486 2.
1227 1455 1418 1488 Heraidum
1434 1454 1478 1488 ad
1494 1454 1623 1488 Arnob.
1637 1456 1698 1488 lib.

237 1504 264 1527 1.
282 1500 319 1528 et
334 1496 548 1528 Brissonium
560 1497 608 1529 ‚de
625 1497 794 1529 Formulis
805 1496 865 1528 lib.
878 1499 1030 1528 1¹.—2o4
1051 1497 1194 1538 Scilicet,
1209 1497 1388 1539 (infandum
1396 1497 1430 1539 l)
1442 1509 1469 1529 c.
1481 1501 1506 1530 t.
1518 1509 1547 1530 c.
1560 1498 1698 1531 mineum

233 1536 319 1571 Put.
339 1539 482 1571 claudere
494 1540 610 1571 mimi
625 1545 772 1581 uterque
788 1539 912 1571 Behot.
934 1540 1080 1572 claudere
1094 1540 1209 1572 minaci
1225 1540 1363 1581 optimae
1381 1540 1514 1572 Barthii
1526 1541 1695 1574 membra·

233 1584 412 1614 nim—205
437 1581 480 1613 In
507 1582 625 1614 iisdem
637 1582 866 1614 membranis:
888 1591 946 1622 ego
961 1582 1059 1613 ditior
1078 1585 1312 1615 aurum—206
1334 1583 1507 1615 Hermione
1522 1583 1646 1616 Behot.
1663 1588 1695 1617 1.

232 1623 424 1656 Hermiones
440 1625 563 1658 Behot.
585 1628 618 1657 2.
641 1625 744 1666 aptior
759 1624 820 1656 islo
835 1625 1027 1657 Pan-207
1051 1625 1150 1656 Forte
1175 1625 1244 1657 dies
1271 1626 1450 1667 Graiusque
1473 1626 1584 1658 habitu
1607 1636 1695 1658 unus

231 1665 369 1700 Barthii
391 1667 511 1700 codex.
554 1667 785 1708 Argolidasque
803 1666 924 1698 Heius.
939 1667 982 1698 ad
1000 1666 1104 1699 Ovid.
1121 1667 1235 1709 Epist.
1252 1678 1288 1710 p.
1301 1671 1470 1701 45.—210
1494 1669 1693 1701 Vetustissi-

230 1718 305 1741 mns
322 1710 548 1742 Barthianus:
562 1711 700 1750 gaudere
711 1713 816 1751 potest
831 1710 964 1741 bellante
978 1710 1105 1750 mrito,
1121 1710 1211 1751 quod
1228 1711 1372 1743 Barthio
1386 1711 1494 1752 magis
1509 1711 1695 1743 arridet.—

231 1754 295 1790 211
321 1751 376 1784 Sic
388 1753 591 1795 Euriphileos
606 1763 693 1785 unus
709 1753 945 1785 Eetion-212
969 1752 1122 1794 Optimae
1136 1753 1272 1785 Barthii
1289 1753 1495 1786 membranae
1509 1764 1518 1786 z
1536 1754 1693 1796 strepit,-

892 1838 1039 1872 NOTAE

230 1911 303 1934 rem
319 1901 453 1943 tritum,
467 1913 535 1946 quo
558 1902 718 1936 mulieres
745 1902 781 1934 in
806 1902 937 1944 magnis

230 1952 366 1984 casibus
391 1963 460 1985 non
487 1954 595 1985 solum
621 1962 685 1995 per
711 1952 842 1993 templa
857 1962 937 1993 sup-

230 2004 340 2045 plices
354 2004 464 2046 ibant,
489 2005 550 2037 sed
573 2005 676 2037 etiam
693 2004 845 2036 crinibus
860 2013 937 2045 pas-

229 2053 276 2085 sis
290 2055 494 2096 templorum
511 2055 710 2097 pavimenta
722 2059 758 2086 et
773 2063 848 2086 aras
861 2063 936 2085 ver-

229 2103 366 2137 rebant.
409 2105 576 2146 Polybius
591 2104 652 2136 lib.
681 2112 733 2136 ix.
779 2103 818 2135 Αἱ
832 2102 867 2135 δὲ
878 2114 936 2143 γυ-

226 2155 331 2186 ναῖκες
338 2155 607 2197 περιπορευόμεναι
617 2154 689 2188 τοὺς
699 2153 789 2187 ναοὺς
800 2153 937 2186 ἱκέτευον

227 2204 302 2237 τοὺς
311 2205 410 2247 θεοὺς,
419 2204 591 2238 πλύνουσαι
603 2207 673 2238 ταῖς
689 2205 797 2245 κόμαις
819 2203 861 2237 τὰ
873 2206 937 2250 ζτῶν

228 2256 315 2297 ἱερῶν
334 2256 444 2297 ἐδάφη.
480 2257 644 2289 *Mulieres
659 2266 732 2288 vero
745 2265 803 2296 per
818 2256 936 2296 templa

226 2307 329 2348 ibant,
352 2311 384 2339 et
398 2307 537 2339 crinibus
555 2308 734 2348 pavimenta
755 2305 935 2337 verrebant.

269 2360 333 2389 205
357 2356 490 2390 Divitis*
503 2367 614 2390 aarum
629 2357 816 2390 Harmoniae
831 2357 935 2389 dotale

222 2407 348 2448 geram]
371 2407 542 2449 Intelligit
567 2407 693 2440 mouile
715 2406 933 2440 Harmonies.

226 2456 316 2488 Vide
340 2456 449 2489 Theb.
481 2466 524 2489 Π.

267 2510 332 2539 207
348 2508 427 2540 Fors
434 2508 541 2550 Deus]
555 2507 745 2550 Conjungit
756 2507 824 2547 bic,
835 2515 933 2548 sepa-

227 2557 318 2589 ravit
328 2566 410 2590 vero
417 2558 530 2590 Theb.
543 2567 584 2590 ιι.
599 2558 609 2575 ‘
619 2557 774 2590 Audenti
787 2558 885 2589 Deus
896 2561 933 2589 et

226 2607 379 2640 Fortuna
399 2607 566 2642 recessit)
610 2608 773 2640 Praestubo
786 2608 933 2650 maritas]

223 2656 388 2699 Sequitur
409 2659 592 2700 Virgilium
623 2658 790 2700 Papinius
810 2670 817 2689 :
839 2658 849 2676 ‘
867 2659 933 2690 Vei

225 2715 383 2746 magnum
396 2713 541 2749 praestet
549 2707 743 2740 Achillem!
764 2708 820 2740 lta
829 2707 932 2740 etiam

226 2756 406 2792 Cornelius
423 2759 555 2802 Nepos,
569 2759 727 2792 Valerius
745 2759 931 2799 Maximus,

989 1903 1116 1946 aliique
1133 1914 1239 1946 saepe.
1269 1904 1452 1937 Sailustius
1469 1904 1558 1936 dixit
1585 1903 1595 1922 ⁸
1606 1913 1694 1946 prae-

990 1957 1083 1985 stare
1098 1954 1225 1986 ceteris
1249 1953 1502 1986 animantibus!
1537 1954 1696 1996 Maritus]

990 2002 1178 2036 Horatius:
1203 2004 1214 2022 ‘
1229 2004 1305 2036 Nec
1326 2004 1373 2036 sit
1390 2004 1525 2041 marita,
1540 2013 1618 2046 quae
1641 2014 1695 2036 ro-

991 2053 1207 2086 tundioribus
1224 2054 1362 2087 Onusta
1375 2053 1492 2087 baccis
1508 2051 1685 2086 ambulet!

1032 2106 1094 2135 211
1129 2104 1344 2146 Eriphyloeos]
1371 2104 1554 2146 Eriphylen
1578 2102 1695 2136 uxoris

989 2153 1202 2196 Amphiarai.
1245 2154 1374 2196 Fatale]
1405 2154 1575 2187 Omnibus
1604 2154 1695 2186 scili-

990 2209 1048 2236 cet
1067 2204 1278 2246 mulieribus²
1298 2214 1375 2247 quae
1397 2204 1481 2236 iuud
1497 2203 1622 2236 monile
1635 2203 1692 2244 ha-

990 2254 1150 2288 buerunt.

1032 2307 1097 2337 212
1118 2305 1335 2346 Scelemmque
1347 2305 1492 2346 ingentia
1499 2305 1618 2338 semim
1627 2317 1692 2339 nw-

987 2354 1052 2396 vit]
1082 2354 1171 2386 Nam
1203 2356 1315 2397 primo
1344 2356 1510 2398 Eriphyle
1538 2356 1693 2398 prodidit

987 2407 1160 2447 maritum,
1174 2405 1404 2449 Amphiaraus
1414 2407 1523 2449 jussit
1537 2407 1607 2440 filio
1621 2418 1693 2441 mn.-

987 2461 1077 2488 trem
1093 2456 1265 2497 occidere,
1280 2466 1321 2489 ac
1345 2456 1523 2490 Alcmaeon
1546 2461 1691 2491 matrem

981 2507 1083 2549 jussu
1092 2507 1202 2548 patris
1213 2506 1355 2540 occidit.
1379 2506 1548 2539 Horatius
1557 2506 1627 2541 od.
1635 2516 1692 2540 ιιι.

986 2560 1039 2590 16.
1076 2557 1087 2575 ‘
1099 2557 1259 2590 Concidit.
1273 2557 1412 2600 auguris
1427 2556 1548 2598 Argivi
1571 2557 1691 2590 domus

985 2607 1029 2639 ob
1044 2607 1176 2639 lucrum
1192 2607 1362 2639 Demersa
1376 2605 1537 2639 excidio.'

1029 2659 1092 2688 213
1118 2656 1225 2689 Grave
1241 2656 1410 2698 Tisiphone
1422 2655 1497 2687 risit
1509 2656 1686 2696 ganinsa-

987 2707 1086 2748 turis]
1121 2707 1233 2740 Decet
1267 2707 1356 2739 enim
1395 2706 1533 2738 Furiam
1574 2706 1687 2740 ridere

987 2762 1024 2790 et
1068 2757 1183 2790 laetari
1221 2755 1417 2790 criminibus
1456 2766 1497 2790 ac
1531 2756 1686 2803 flagitiis,
