<?xml version="1.0" encoding="UTF-8"?>
<!DOCTYPE html PUBLIC "-//W3C//DTD XHTML 1.0 Transitional//EN"
    "http://www.w3.org/TR/xhtml1/DTD/xhtml1-transitional.dtd">
<html xmlns="http://www.w3.org/1999/xhtml" xml:lang="en" lang="en">
 <head>
  <title>
</title>
<meta http-equiv="Content-Type" content="text/html;charset=utf-8" />
  <meta name='ocr-system' content='tesseract 3.04.00' />
  <meta name='ocr-capabilities' content='ocr_page ocr_carea ocr_par ocr_line ocrx_word'/>
</head>
<body>
  <div class='ocr_page' id='page_1' title='image "./operaomniaexedit02statuoft_0407.png"; bbox 0 0 1820 3068; ppageno 0'>
   <div class='ocr_carea' id='block_1_1' title="bbox 0 317 45 2539">
    <p class='ocr_par' dir='ltr' id='par_1_1' title="bbox 0 317 45 2539">
     <span class='ocr_line' id='line_1_1' title="bbox 0 317 45 2539; baseline 0 0"><span class='ocrx_word' id='word_1_1' title='bbox 0 317 45 2539; x_wconf 95' lang='lat' dir='ltr'><strong> </strong></span> 
     </span>
    </p>
   </div>
   <div class='ocr_carea' id='block_1_2' title="bbox 0 2572 58 3068">
    <p class='ocr_par' dir='ltr' id='par_1_2' title="bbox 0 2572 58 3068">
     <span class='ocr_line' id='line_1_2' title="bbox 0 2572 58 3068; baseline 0 0"><span class='ocrx_word' id='word_1_2' title='bbox 0 2572 58 3068; x_wconf 95' lang='lat' dir='ltr'><strong> </strong></span> 
     </span>
    </p>
   </div>
   <div class='ocr_carea' id='block_1_3' title="bbox 605 219 1093 252">
    <p class='ocr_par' dir='ltr' id='par_1_3' title="bbox 605 219 1093 252">
     <span class='ocr_line' id='line_1_3' title="bbox 605 219 1093 252; baseline -0.002 0"><span class='ocrx_word' id='word_1_3' title='bbox 605 219 890 252; x_wconf 73' lang='lat' dir='ltr'><strong>THEBAtnos</strong></span> <span class='ocrx_word' id='word_1_4' title='bbox 924 220 1021 251; x_wconf 69' lang='lat' dir='ltr'><strong>mn.</strong></span> <span class='ocrx_word' id='word_1_5' title='bbox 1049 222 1093 252; x_wconf 69' lang='lat' dir='ltr'><strong>Y-</strong></span> 
     </span>
    </p>
   </div>
   <div class='ocr_carea' id='block_1_4' title="bbox 1490 210 1577 253">
    <p class='ocr_par' dir='ltr' id='par_1_4' title="bbox 1490 210 1577 253">
     <span class='ocr_line' id='line_1_4' title="bbox 1490 210 1577 253; baseline 0.011 -1"><span class='ocrx_word' id='word_1_6' title='bbox 1490 210 1577 253; x_wconf 70' lang='lat'><strong>991</strong></span> 
     </span>
    </p>
   </div>
   <div class='ocr_carea' id='block_1_5' title="bbox 118 313 1318 372">
    <p class='ocr_par' dir='ltr' id='par_1_5' title="bbox 118 313 1318 372">
     <span class='ocr_line' id='line_1_5' title="bbox 118 313 1318 372; baseline 0 -14"><span class='ocrx_word' id='word_1_7' title='bbox 118 313 556 372; x_wconf 78' lang='lat' dir='ltr'><strong>Amphitryoniades,</strong></span> <span class='ocrx_word' id='word_1_8' title='bbox 575 327 860 372; x_wconf 77' lang='lat' dir='ltr'><strong>puppemque</strong></span> <span class='ocrx_word' id='word_1_9' title='bbox 880 315 1075 358; x_wconf 87' lang='lat' dir='ltr'><strong>alternus</strong></span> <span class='ocrx_word' id='word_1_10' title='bbox 1094 315 1318 371; x_wconf 81' lang='lat' dir='ltr'>utrimque</span> 
     </span>
    </p>
   </div>
   <div class='ocr_carea' id='block_1_6' title="bbox 11 382 1263 437">
    <p class='ocr_par' dir='ltr' id='par_1_6' title="bbox 11 382 1263 437">
     <span class='ocr_line' id='line_1_6' title="bbox 11 382 1263 437; baseline -0.002 -13"><span class='ocrx_word' id='word_1_11' title='bbox 11 413 15 420; x_wconf 77' lang='lat'><strong>.</strong></span> <span class='ocrx_word' id='word_1_12' title='bbox 48 402 50 404; x_wconf 55' lang='lat'>&gt;</span> <span class='ocrx_word' id='word_1_13' title='bbox 118 382 342 437; x_wconf 84' lang='lat' dir='ltr'><strong>Ingravat,</strong></span> <span class='ocrx_word' id='word_1_14' title='bbox 361 387 406 426; x_wconf 88' lang='lat' dir='ltr'><strong>et</strong></span> <span class='ocrx_word' id='word_1_15' title='bbox 423 384 598 426; x_wconf 82' lang='lat' dir='ltr'><strong>medias</strong></span> <span class='ocrx_word' id='word_1_16' title='bbox 618 383 742 426; x_wconf 87' lang='lat' dir='ltr'><strong>ardet</strong></span> <span class='ocrx_word' id='word_1_17' title='bbox 758 383 1021 426; x_wconf 84' lang='lat' dir='ltr'><strong>descendere</strong></span> <span class='ocrx_word' id='word_1_18' title='bbox 1041 384 1087 426; x_wconf 90' lang='lat' dir='ltr'><strong>in</strong></span> <span class='ocrx_word' id='word_1_19' title='bbox 1104 383 1263 426; x_wconf 85' lang='lat' dir='ltr'><strong>undas.</strong></span> 
     </span>
    </p>
   </div>
   <div class='ocr_carea' id='block_1_7' title="bbox 115 449 1377 574">
    <p class='ocr_par' dir='ltr' id='par_1_7' title="bbox 115 449 1377 574">
     <span class='ocr_line' id='line_1_7' title="bbox 115 449 1226 503; baseline 0.001 -10"><span class='ocrx_word' id='word_1_20' title='bbox 115 449 180 493; x_wconf 82' lang='lat' dir='ltr'><strong>At</strong></span> <span class='ocrx_word' id='word_1_21' title='bbox 197 452 328 503; x_wconf 72' lang='lat' dir='ltr'><strong>levia,</strong></span> <span class='ocrx_word' id='word_1_22' title='bbox 347 455 392 494; x_wconf 88' lang='lat' dir='ltr'><strong>et</strong></span> <span class='ocrx_word' id='word_1_23' title='bbox 410 452 587 494; x_wconf 80' lang='lat' dir='ltr'><strong>miserae</strong></span> <span class='ocrx_word' id='word_1_24' title='bbox 604 452 795 494; x_wconf 84' lang='lat' dir='ltr'><strong>nondum</strong></span> <span class='ocrx_word' id='word_1_25' title='bbox 812 451 920 494; x_wconf 85' lang='lat' dir='ltr'><strong>mihi</strong></span> <span class='ocrx_word' id='word_1_26' title='bbox 937 455 1070 494; x_wconf 83' lang='lat' dir='ltr'><strong>notus</strong></span> <span class='ocrx_word' id='word_1_27' title='bbox 1088 452 1226 494; x_wconf 84' lang='lat' dir='ltr'><strong>Iason</strong></span> 
     </span>
     <span class='ocr_line' id='line_1_8' title="bbox 115 517 1377 574; baseline 0 -14"><span class='ocrx_word' id='word_1_28' title='bbox 115 517 331 560; x_wconf 85' lang='lat' dir='ltr'><strong>Transtra</strong></span> <span class='ocrx_word' id='word_1_29' title='bbox 348 531 427 574; x_wconf 88' lang='lat' dir='ltr'><strong>per</strong></span> <span class='ocrx_word' id='word_1_30' title='bbox 447 522 495 561; x_wconf 85' lang='lat' dir='ltr'><strong>et</strong></span> <span class='ocrx_word' id='word_1_31' title='bbox 511 531 673 570; x_wconf 85' lang='lat' dir='ltr'><strong>remos,</strong></span> <span class='ocrx_word' id='word_1_32' title='bbox 692 519 1000 574; x_wconf 86' lang='lat' dir='ltr'><strong>impressaque</strong></span> <span class='ocrx_word' id='word_1_33' title='bbox 1020 524 1147 573; x_wconf 84' lang='lat' dir='ltr'><strong>terga</strong></span> <span class='ocrx_word' id='word_1_34' title='bbox 1166 519 1377 571; x_wconf 85' lang='lat' dir='ltr'><strong>virorum,</strong></span> 
     </span>
    </p>
   </div>
   <div class='ocr_carea' id='block_1_8' title="bbox 117 583 1366 640">
    <p class='ocr_par' dir='ltr' id='par_1_8' title="bbox 117 583 1366 640">
     <span class='ocr_line' id='line_1_9' title="bbox 117 583 1366 640; baseline 0.002 -13"><span class='ocrx_word' id='word_1_35' title='bbox 117 584 253 628; x_wconf 89' lang='lat' dir='ltr'><strong>Nunc</strong></span> <span class='ocrx_word' id='word_1_36' title='bbox 271 598 479 640; x_wconf 86' lang='lat' dir='ltr'><strong>magnum</strong></span> <span class='ocrx_word' id='word_1_37' title='bbox 496 583 707 639; x_wconf 86' lang='lat' dir='ltr'><strong>OEniden,</strong></span> <span class='ocrx_word' id='word_1_38' title='bbox 727 599 839 628; x_wconf 89' lang='lat' dir='ltr'><strong>nune</strong></span> <span class='ocrx_word' id='word_1_39' title='bbox 857 587 936 629; x_wconf 91' lang='lat' dir='ltr'><strong>ille</strong></span> <span class='ocrx_word' id='word_1_40' title='bbox 954 587 1204 629; x_wconf 84' lang='lat' dir='ltr'><strong>hortatibus</strong></span> <span class='ocrx_word' id='word_1_41' title='bbox 1223 586 1366 638; x_wconf 85' lang='lat' dir='ltr'>Idam,</span> 
     </span>
    </p>
   </div>
   <div class='ocr_carea' id='block_1_9' title="bbox 1491 588 1580 632">
    <p class='ocr_par' dir='ltr' id='par_1_9' title="bbox 1491 588 1580 632">
     <span class='ocr_line' id='line_1_10' title="bbox 1491 588 1580 632; baseline 0.022 -2"><span class='ocrx_word' id='word_1_42' title='bbox 1491 588 1580 632; x_wconf 80' lang='lat'><strong>405</strong></span> 
     </span>
    </p>
   </div>
   <div class='ocr_carea' id='block_1_10' title="bbox 116 651 1236 710">
    <p class='ocr_par' dir='ltr' id='par_1_10' title="bbox 116 651 1236 710">
     <span class='ocr_line' id='line_1_11' title="bbox 116 651 1236 710; baseline 0.002 -16"><span class='ocrx_word' id='word_1_43' title='bbox 116 652 175 695; x_wconf 85' lang='lat' dir='ltr'><strong>Et</strong></span> <span class='ocrx_word' id='word_1_44' title='bbox 192 651 400 704; x_wconf 84' lang='lat' dir='ltr'>Talaum,</span> <span class='ocrx_word' id='word_1_45' title='bbox 416 656 460 695; x_wconf 86' lang='lat' dir='ltr'><strong>et</strong></span> <span class='ocrx_word' id='word_1_46' title='bbox 479 666 594 696; x_wconf 85' lang='lat' dir='ltr'><strong>cana</strong></span> <span class='ocrx_word' id='word_1_47' title='bbox 611 658 839 696; x_wconf 84' lang='lat' dir='ltr'><strong>rorantem</strong></span> <span class='ocrx_word' id='word_1_48' title='bbox 862 654 1094 710; x_wconf 88' lang='lat' dir='ltr'><strong>aspergine</strong></span> <span class='ocrx_word' id='word_1_49' title='bbox 1114 655 1236 710; x_wconf 84' lang='lat' dir='ltr'><strong>ponti</strong></span> 
     </span>
    </p>
   </div>
   <div class='ocr_carea' id='block_1_11' title="bbox 115 760 346 803">
    <p class='ocr_par' dir='ltr' id='par_1_11' title="bbox 115 760 346 803">
     <span class='ocr_line' id='line_1_12' title="bbox 115 760 346 803; baseline -0.004 -10"><span class='ocrx_word' id='word_1_50' title='bbox 115 760 229 793; x_wconf 66' lang='lat' dir='ltr'><strong>eminet</strong></span> <span class='ocrx_word' id='word_1_51' title='bbox 250 771 346 803; x_wconf 72' lang='lat' dir='ltr'><strong>supra</strong></span> 
     </span>
    </p>
   </div>
   <div class='ocr_carea' id='block_1_12' title="bbox 369 761 1579 803">
    <p class='ocr_par' dir='ltr' id='par_1_12' title="bbox 369 761 1579 803">
     <span class='ocr_line' id='line_1_13' title="bbox 369 761 1579 803; baseline -0.001 -9"><span class='ocrx_word' id='word_1_52' title='bbox 369 771 474 794; x_wconf 71' lang='lat' dir='ltr'><strong>onnes</strong></span> <span class='ocrx_word' id='word_1_53' title='bbox 491 762 527 794; x_wconf 76' lang='lat' dir='ltr'><strong>in</strong></span> <span class='ocrx_word' id='word_1_54' title='bbox 547 762 639 794; x_wconf 74' lang='lat' dir='ltr'><strong>turba</strong></span> <span class='ocrx_word' id='word_1_55' title='bbox 663 764 873 802; x_wconf 66' lang='lat' dir='ltr'><strong>consternata,</strong></span> <span class='ocrx_word' id='word_1_56' title='bbox 898 765 931 794; x_wconf 78' lang='lat' dir='ltr'><strong>et</strong></span> <span class='ocrx_word' id='word_1_57' title='bbox 952 772 1062 794; x_wconf 79' lang='lat' dir='ltr'><strong>autem</strong></span> <span class='ocrx_word' id='word_1_58' title='bbox 1074 762 1229 803; x_wconf 65' lang='lat' dir='ltr'><strong>utrimque</strong></span> <span class='ocrx_word' id='word_1_59' title='bbox 1243 761 1404 803; x_wconf 65' lang='lat' dir='ltr'><strong>deprimit,</strong></span> <span class='ocrx_word' id='word_1_60' title='bbox 1416 770 1499 793; x_wconf 75' lang='lat' dir='ltr'><strong>nunc</strong></span> <span class='ocrx_word' id='word_1_61' title='bbox 1513 761 1579 803; x_wconf 71' lang='lat' dir='ltr'><strong>hic,</strong></span> 
     </span>
    </p>
   </div>
   <div class='ocr_carea' id='block_1_13' title="bbox 115 804 1578 847">
    <p class='ocr_par' dir='ltr' id='par_1_13' title="bbox 115 804 1578 847">
     <span class='ocr_line' id='line_1_14' title="bbox 115 804 1578 847; baseline 0.001 -12"><span class='ocrx_word' id='word_1_62' title='bbox 115 812 198 835; x_wconf 72' lang='lat' dir='ltr'><strong>nm</strong></span> <span class='ocrx_word' id='word_1_63' title='bbox 211 804 277 836; x_wconf 71' lang='lat' dir='ltr'><strong>illic</strong></span> <span class='ocrx_word' id='word_1_64' title='bbox 289 804 496 844; x_wconf 60' lang='lat' dir='ltr'><strong>undae-do,</strong></span> <span class='ocrx_word' id='word_1_65' title='bbox 510 808 543 837; x_wconf 79' lang='lat' dir='ltr'><strong>et</strong></span> <span class='ocrx_word' id='word_1_66' title='bbox 555 804 682 845; x_wconf 73' lang='lat' dir='ltr'><strong>flagret</strong></span> <span class='ocrx_word' id='word_1_67' title='bbox 694 805 814 837; x_wconf 75' lang='lat' dir='ltr'><strong>irruere</strong></span> <span class='ocrx_word' id='word_1_68' title='bbox 827 804 863 836; x_wconf 74' lang='lat' dir='ltr'><strong>in</strong></span> <span class='ocrx_word' id='word_1_69' title='bbox 877 805 994 836; x_wconf 70' lang='lat' dir='ltr'><strong>medios</strong></span> <span class='ocrx_word' id='word_1_70' title='bbox 1004 805 1138 847; x_wconf 73' lang='lat' dir='ltr'><strong>fluctus.</strong></span> <span class='ocrx_word' id='word_1_71' title='bbox 1181 805 1339 836; x_wconf 74' lang='lat' dir='ltr'><strong>AtJam</strong></span> <span class='ocrx_word' id='word_1_72' title='bbox 1352 804 1440 844; x_wconf 79' lang='lat' dir='ltr'><strong>levis,</strong></span> <span class='ocrx_word' id='word_1_73' title='bbox 1455 807 1487 836; x_wconf 75' lang='lat' dir='ltr'><strong>et</strong></span> <span class='ocrx_word' id='word_1_74' title='bbox 1500 814 1578 836; x_wconf 73' lang='lat' dir='ltr'><strong>uon-</strong></span> 
     </span>
    </p>
   </div>
   <div class='ocr_carea' id='block_1_14' title="bbox 115 845 1579 931">
    <p class='ocr_par' dir='ltr' id='par_1_14' title="bbox 115 845 1579 931">
     <span class='ocr_line' id='line_1_15' title="bbox 115 845 1122 889; baseline 0.001 -11"><span class='ocrx_word' id='word_1_75' title='bbox 115 845 412 886; x_wconf 65' lang='lat' dir='ltr'><strong>dnanibiiqsaelici</strong></span> <span class='ocrx_word' id='word_1_76' title='bbox 434 848 593 887; x_wconf 65' lang='lat' dir='ltr'><strong>cognitu,</strong></span> <span class='ocrx_word' id='word_1_77' title='bbox 614 847 790 880; x_wconf 68' lang='lat' dir='ltr'><strong>discurrens</strong></span> <span class='ocrx_word' id='word_1_78' title='bbox 808 857 866 889; x_wconf 83' lang='lat' dir='ltr'><strong>per</strong></span> <span class='ocrx_word' id='word_1_79' title='bbox 891 851 1044 887; x_wconf 67' lang='lat' dir='ltr'><strong>mma,</strong></span> <span class='ocrx_word' id='word_1_80' title='bbox 1063 858 1122 889; x_wconf 78' lang='lat' dir='ltr'><strong>per</strong></span> 
     </span>
     <span class='ocr_line' id='line_1_16' title="bbox 426 890 1579 931; baseline -0.002 -9"><span class='ocrx_word' id='word_1_81' title='bbox 426 893 577 931; x_wconf 64' lang='lat' dir='ltr'><strong>precatu·</strong></span> <span class='ocrx_word' id='word_1_82' title='bbox 590 899 661 922; x_wconf 67' lang='lat' dir='ltr'><strong>voce</strong></span> <span class='ocrx_word' id='word_1_83' title='bbox 674 893 707 923; x_wconf 78' lang='lat' dir='ltr'><strong>et</strong></span> <span class='ocrx_word' id='word_1_84' title='bbox 719 900 826 930; x_wconf 73' lang='lat' dir='ltr'><strong>manu,</strong></span> <span class='ocrx_word' id='word_1_85' title='bbox 849 900 886 921; x_wconf 80' lang='lat' dir='ltr'><strong>ac</strong></span> <span class='ocrx_word' id='word_1_86' title='bbox 908 890 1190 931; x_wconf 69' lang='lat' dir='ltr'><strong>exhortationibus,</strong></span> <span class='ocrx_word' id='word_1_87' title='bbox 1211 900 1291 922; x_wconf 68' lang='lat' dir='ltr'><strong>nnnc</strong></span> <span class='ocrx_word' id='word_1_88' title='bbox 1304 890 1465 929; x_wconf 75' lang='lat' dir='ltr'><strong>ingentem</strong></span> <span class='ocrx_word' id='word_1_89' title='bbox 1481 890 1579 920; x_wconf 67' lang='grc' dir='ltr'><strong>(Επεὶ</strong></span> 
     </span>
    </p>
   </div>
   <div class='ocr_carea' id='block_1_15' title="bbox 114 889 408 931">
    <p class='ocr_par' dir='ltr' id='par_1_15' title="bbox 114 889 408 931">
     <span class='ocr_line' id='line_1_17' title="bbox 114 889 408 931; baseline 0.007 -2"><span class='ocrx_word' id='word_1_90' title='bbox 114 889 281 930; x_wconf 61' lang='lat' dir='ltr'><strong>magu,</strong></span> <span class='ocrx_word' id='word_1_91' title='bbox 293 889 408 931; x_wconf 64' lang='lat' dir='ltr'><strong>‚api-2</strong></span> 
     </span>
    </p>
   </div>
   <div class='ocr_carea' id='block_1_16' title="bbox 1146 848 1579 886">
    <p class='ocr_par' dir='ltr' id='par_1_16' title="bbox 1146 848 1579 886">
     <span class='ocr_line' id='line_1_18' title="bbox 1146 848 1579 886; baseline 0 -8"><span class='ocrx_word' id='word_1_92' title='bbox 1146 857 1260 886; x_wconf 70' lang='lat' dir='ltr'><strong>renos,</strong></span> <span class='ocrx_word' id='word_1_93' title='bbox 1282 858 1320 879; x_wconf 78' lang='lat' dir='ltr'><strong>ac</strong></span> <span class='ocrx_word' id='word_1_94' title='bbox 1341 848 1462 879; x_wconf 68' lang='lat' dir='ltr'><strong>calcata</strong></span> <span class='ocrx_word' id='word_1_95' title='bbox 1486 849 1579 878; x_wconf 75' lang='lat' dir='ltr'><strong>dom</strong></span> 
     </span>
    </p>
   </div>
   <div class='ocr_carea' id='block_1_17' title="bbox 104 930 1578 976">
    <p class='ocr_par' dir='ltr' id='par_1_17' title="bbox 104 930 1578 976">
     <span class='ocr_line' id='line_1_19' title="bbox 104 930 1578 976; baseline -0.001 -12"><span class='ocrx_word' id='word_1_96' title='bbox 104 930 228 974; x_wconf 67' lang='lat' dir='ltr'><strong>filiun,</strong></span> <span class='ocrx_word' id='word_1_97' title='bbox 242 941 325 965; x_wconf 67' lang='lat' dir='ltr'><strong>nanc</strong></span> <span class='ocrx_word' id='word_1_98' title='bbox 341 933 444 970; x_wconf 67' lang='lat' dir='ltr'><strong>Idm,</strong></span> <span class='ocrx_word' id='word_1_99' title='bbox 458 936 491 965; x_wconf 75' lang='lat' dir='ltr'><strong>et</strong></span> <span class='ocrx_word' id='word_1_100' title='bbox 507 932 652 976; x_wconf 72' lang='lat' dir='ltr'><strong>Talaum,</strong></span> <span class='ocrx_word' id='word_1_101' title='bbox 671 937 704 966; x_wconf 81' lang='lat' dir='ltr'><strong>et</strong></span> <span class='ocrx_word' id='word_1_102' title='bbox 720 933 930 974; x_wconf 70' lang='lat' dir='ltr'><strong>Tyndaridem</strong></span> <span class='ocrx_word' id='word_1_103' title='bbox 941 937 1119 966; x_wconf 63' lang='lat' dir='ltr'><strong>armantem</strong></span> <span class='ocrx_word' id='word_1_104' title='bbox 1132 934 1267 966; x_wconf 75' lang='lat' dir='ltr'><strong>candida</strong></span> <span class='ocrx_word' id='word_1_105' title='bbox 1280 932 1378 965; x_wconf 61' lang='lat' dir='ltr'><strong>uaris</strong></span> <span class='ocrx_word' id='word_1_106' title='bbox 1391 942 1513 974; x_wconf 66' lang='lat' dir='ltr'><strong>spuma,</strong></span> <span class='ocrx_word' id='word_1_107' title='bbox 1525 941 1578 964; x_wconf 82' lang='lat' dir='ltr'><strong>re-</strong></span> 
     </span>
    </p>
   </div>
   <div class='ocr_carea' id='block_1_18' title="bbox 731 1016 918 1030">
    <p class='ocr_par' dir='ltr' id='par_1_18' title="bbox 731 1016 918 1030">
     <span class='ocr_line' id='line_1_20' title="bbox 731 1016 918 1030; baseline 0 2038"><span class='ocrx_word' id='word_1_108' title='bbox 731 1016 918 1030; x_wconf 95' lang='lat' dir='ltr'><strong> </strong></span> 
     </span>
    </p>
   </div>
   <div class='ocr_carea' id='block_1_19' title="bbox 919 1017 960 1029">
    <p class='ocr_par' dir='ltr' id='par_1_19' title="bbox 919 1017 960 1029">
     <span class='ocr_line' id='line_1_21' title="bbox 919 1017 960 1029; baseline 0 0"><span class='ocrx_word' id='word_1_109' title='bbox 919 1017 960 1029; x_wconf 65' lang='lat' dir='ltr'><strong>CO</strong></span> 
     </span>
    </p>
   </div>
   <div class='ocr_carea' id='block_1_20' title="bbox 115 1070 1577 1200">
    <p class='ocr_par' dir='ltr' id='par_1_20' title="bbox 115 1070 1577 1200">
     <span class='ocr_line' id='line_1_22' title="bbox 116 1070 1577 1113; baseline 0.001 -11"><span class='ocrx_word' id='word_1_110' title='bbox 116 1070 246 1109; x_wconf 64' lang='lat' dir='ltr'><strong>tonitoe:</strong></span> <span class='ocrx_word' id='word_1_111' title='bbox 265 1071 462 1111; x_wconf 55' lang='lat' dir='ltr'><strong>mestuus,</strong></span> <span class='ocrx_word' id='word_1_112' title='bbox 485 1073 538 1113; x_wconf 61' lang='grc' dir='ltr'><strong>ξε.</strong></span> <span class='ocrx_word' id='word_1_113' title='bbox 558 1073 658 1106; x_wconf 90' lang='lat' dir='ltr'><strong>malit</strong></span> <span class='ocrx_word' id='word_1_114' title='bbox 673 1072 988 1105; x_wconf 75' lang='lat' dir='ltr'><strong>Gronovius.—401</strong></span> <span class='ocrx_word' id='word_1_115' title='bbox 1012 1071 1286 1113; x_wconf 58' lang='lat' dir='ltr'><strong>Amphitr-ionici&amp;</strong></span> <span class='ocrx_word' id='word_1_116' title='bbox 1300 1081 1387 1104; x_wconf 87' lang='lat' dir='ltr'><strong>unus</strong></span> <span class='ocrx_word' id='word_1_117' title='bbox 1404 1071 1577 1104; x_wconf 73' lang='lat' dir='ltr'><strong>neunt.—</strong></span> 
     </span>
     <span class='ocr_line' id='line_1_23' title="bbox 115 1114 1576 1157; baseline 0 -11"><span class='ocrx_word' id='word_1_118' title='bbox 115 1115 223 1146; x_wconf 49' lang='lat'><strong>*4⁰2</strong></span> <span class='ocrx_word' id='word_1_119' title='bbox 246 1114 330 1146; x_wconf 88' lang='lat' dir='ltr'><strong>Put.</strong></span> <span class='ocrx_word' id='word_1_120' title='bbox 343 1116 378 1146; x_wconf 75' lang='lat' dir='ltr'><strong>in</strong></span> <span class='ocrx_word' id='word_1_121' title='bbox 391 1115 605 1147; x_wconf 60' lang='lat' dir='ltr'><strong>andin-»4⁰4</strong></span> <span class='ocrx_word' id='word_1_122' title='bbox 628 1115 791 1157; x_wconf 79' lang='lat' dir='ltr'><strong>Optimus</strong></span> <span class='ocrx_word' id='word_1_123' title='bbox 806 1115 927 1148; x_wconf 79' lang='lat' dir='ltr'><strong>Barth.</strong></span> <span class='ocrx_word' id='word_1_124' title='bbox 943 1115 977 1146; x_wconf 71' lang='lat' dir='ltr'><strong>in</strong></span> <span class='ocrx_word' id='word_1_125' title='bbox 990 1117 1272 1157; x_wconf 60' lang='lat' dir='ltr'><strong>pressaque—«1⁰6</strong></span> <span class='ocrx_word' id='word_1_126' title='bbox 1295 1116 1342 1147; x_wconf 77' lang='lat' dir='ltr'><strong>Et</strong></span> <span class='ocrx_word' id='word_1_127' title='bbox 1365 1115 1468 1147; x_wconf 71' lang='lat' dir='ltr'><strong>Tum</strong></span> <span class='ocrx_word' id='word_1_128' title='bbox 1488 1124 1576 1146; x_wconf 81' lang='lat' dir='ltr'><strong>unus</strong></span> 
     </span>
     <span class='ocr_line' id='line_1_24' title="bbox 116 1153 1577 1200; baseline 0.001 -12"><span class='ocrx_word' id='word_1_129' title='bbox 116 1153 244 1189; x_wconf 84' lang='lat' dir='ltr'><strong>Behot.</strong></span> <span class='ocrx_word' id='word_1_130' title='bbox 273 1157 450 1190; x_wconf 67' lang='lat' dir='ltr'><strong>AEtlurlimn</strong></span> <span class='ocrx_word' id='word_1_131' title='bbox 463 1158 613 1200; x_wconf 87' lang='lat' dir='ltr'><strong>optimus</strong></span> <span class='ocrx_word' id='word_1_132' title='bbox 628 1158 851 1196; x_wconf 79' lang='lat' dir='ltr'><strong>Barthianus,</strong></span> <span class='ocrx_word' id='word_1_133' title='bbox 862 1158 898 1190; x_wconf 89' lang='lat' dir='ltr'><strong>in</strong></span> <span class='ocrx_word' id='word_1_134' title='bbox 913 1168 981 1200; x_wconf 90' lang='lat' dir='ltr'><strong>quo</strong></span> <span class='ocrx_word' id='word_1_135' title='bbox 998 1162 1112 1190; x_wconf 75' lang='lat' dir='ltr'><strong>tamen</strong></span> <span class='ocrx_word' id='word_1_136' title='bbox 1126 1157 1246 1190; x_wconf 88' lang='lat' dir='ltr'><strong>codice</strong></span> <span class='ocrx_word' id='word_1_137' title='bbox 1261 1157 1318 1190; x_wconf 87' lang='lat' dir='ltr'><strong>hic</strong></span> <span class='ocrx_word' id='word_1_138' title='bbox 1334 1167 1451 1190; x_wconf 78' lang='lat' dir='ltr'><strong>versus</strong></span> <span class='ocrx_word' id='word_1_139' title='bbox 1465 1158 1577 1200; x_wconf 74' lang='lat' dir='ltr'><strong>sequi-</strong></span> 
     </span>
    </p>
   </div>
   <div class='ocr_carea' id='block_1_21' title="bbox 772 1242 916 1276">
    <p class='ocr_par' dir='ltr' id='par_1_21' title="bbox 772 1242 916 1276">
     <span class='ocr_line' id='line_1_25' title="bbox 772 1242 916 1276; baseline 0 0"><span class='ocrx_word' id='word_1_140' title='bbox 772 1242 916 1276; x_wconf 78' lang='lat' dir='ltr'><strong>NOTAE</strong></span> 
     </span>
    </p>
   </div>
   <div class='ocr_carea' id='block_1_22' title="bbox 114 1292 816 1399">
    <p class='ocr_par' dir='ltr' id='par_1_22' title="bbox 114 1292 816 1399">
     <span class='ocr_line' id='line_1_26' title="bbox 114 1292 816 1350; baseline 0.001 -11"><span class='ocrx_word' id='word_1_141' title='bbox 114 1292 172 1339; x_wconf 69' lang='lat' dir='ltr'><strong>iia</strong></span> <span class='ocrx_word' id='word_1_142' title='bbox 197 1306 288 1349; x_wconf 74' lang='lat' dir='ltr'><strong>regis</strong></span> <span class='ocrx_word' id='word_1_143' title='bbox 308 1306 411 1340; x_wconf 79' lang='lat' dir='ltr'><strong>filius.</strong></span> <span class='ocrx_word' id='word_1_144' title='bbox 455 1307 560 1340; x_wconf 84' lang='lat' dir='ltr'><strong>Hunc</strong></span> <span class='ocrx_word' id='word_1_145' title='bbox 580 1312 704 1350; x_wconf 88' lang='lat' dir='ltr'><strong>postea</strong></span> <span class='ocrx_word' id='word_1_146' title='bbox 725 1308 816 1340; x_wconf 88' lang='lat' dir='ltr'><strong>Her-</strong></span> 
     </span>
     <span class='ocr_line' id='line_1_27' title="bbox 115 1357 816 1399; baseline 0.003 -10"><span class='ocrx_word' id='word_1_147' title='bbox 115 1357 212 1390; x_wconf 77' lang='lat' dir='ltr'><strong>cules</strong></span> <span class='ocrx_word' id='word_1_148' title='bbox 227 1357 461 1399; x_wconf 74' lang='lat' dir='ltr'><strong>praecipitavit</strong></span> <span class='ocrx_word' id='word_1_149' title='bbox 474 1367 494 1390; x_wconf 91' lang='lat' dir='ltr'><strong>e</strong></span> <span class='ocrx_word' id='word_1_150' title='bbox 510 1359 609 1399; x_wconf 88' lang='lat' dir='ltr'><strong>turri,</strong></span> <span class='ocrx_word' id='word_1_151' title='bbox 629 1358 816 1391; x_wconf 88' lang='lat' dir='ltr'><strong>interfecto</strong></span> 
     </span>
    </p>
   </div>
   <div class='ocr_carea' id='block_1_23' title="bbox 8 1389 815 1450">
    <p class='ocr_par' dir='ltr' id='par_1_23' title="bbox 8 1389 815 1450">
     <span class='ocr_line' id='line_1_28' title="bbox 8 1389 815 1450; baseline 0.002 -11"><span class='ocrx_word' id='word_1_152' title='bbox 8 1389 27 1435; x_wconf 57' lang='lat'><strong>2⁴⁵</strong></span> <span class='ocrx_word' id='word_1_153' title='bbox 76 1440 80 1442; x_wconf 72' lang='grc'>,</span> <span class='ocrx_word' id='word_1_154' title='bbox 114 1406 209 1448; x_wconf 86' lang='lat' dir='ltr'><strong>prius</strong></span> <span class='ocrx_word' id='word_1_155' title='bbox 231 1408 365 1449; x_wconf 78' lang='lat' dir='ltr'><strong>Euryto</strong></span> <span class='ocrx_word' id='word_1_156' title='bbox 386 1413 499 1449; x_wconf 81' lang='lat' dir='ltr'><strong>patre.</strong></span> <span class='ocrx_word' id='word_1_157' title='bbox 541 1409 705 1450; x_wconf 72' lang='lat' dir='ltr'><strong>Attonito]</strong></span> <span class='ocrx_word' id='word_1_158' title='bbox 727 1409 815 1441; x_wconf 89' lang='lat' dir='ltr'><strong>Rec-</strong></span> 
     </span>
    </p>
   </div>
   <div class='ocr_carea' id='block_1_24' title="bbox 72 1458 816 1850">
    <p class='ocr_par' dir='ltr' id='par_1_24' title="bbox 72 1458 816 1652">
     <span class='ocr_line' id='line_1_29' title="bbox 114 1458 815 1501; baseline 0.003 -12"><span class='ocrx_word' id='word_1_159' title='bbox 114 1458 183 1490; x_wconf 77' lang='lat' dir='ltr'><strong>tius</strong></span> <span class='ocrx_word' id='word_1_160' title='bbox 206 1462 327 1490; x_wconf 83' lang='lat' dir='ltr'><strong>censet</strong></span> <span class='ocrx_word' id='word_1_161' title='bbox 344 1458 559 1492; x_wconf 73' lang='lat' dir='ltr'><strong>Gronovius:</strong></span> <span class='ocrx_word' id='word_1_162' title='bbox 584 1459 713 1501; x_wconf 60' lang='lat' dir='ltr'><strong>Iphitum</strong></span> <span class='ocrx_word' id='word_1_163' title='bbox 731 1463 815 1491; x_wconf 79' lang='lat' dir='ltr'><strong>ateo-</strong></span> 
     </span>
     <span class='ocr_line' id='line_1_30' title="bbox 72 1507 816 1550; baseline 0.001 -11"><span class='ocrx_word' id='word_1_164' title='bbox 72 1516 74 1519; x_wconf 71' lang='grc'>’</span> <span class='ocrx_word' id='word_1_165' title='bbox 114 1507 204 1540; x_wconf 71' lang='lat' dir='ltr'><strong>nite.</strong></span> <span class='ocrx_word' id='word_1_166' title='bbox 248 1507 292 1540; x_wconf 87' lang='lat' dir='ltr'><strong>Id</strong></span> <span class='ocrx_word' id='word_1_167' title='bbox 305 1512 373 1548; x_wconf 76' lang='lat' dir='ltr'><strong>est,</strong></span> <span class='ocrx_word' id='word_1_168' title='bbox 388 1518 450 1540; x_wconf 89' lang='lat' dir='ltr'><strong>nos</strong></span> <span class='ocrx_word' id='word_1_169' title='bbox 462 1508 585 1550; x_wconf 87' lang='lat' dir='ltr'><strong>quibus</strong></span> <span class='ocrx_word' id='word_1_170' title='bbox 594 1508 771 1540; x_wconf 89' lang='lat' dir='ltr'><strong>redierunt</strong></span> <span class='ocrx_word' id='word_1_171' title='bbox 781 1508 816 1540; x_wconf 89' lang='lat' dir='ltr'><strong>in</strong></span> 
     </span>
     <span class='ocr_line' id='line_1_31' title="bbox 113 1558 816 1599; baseline 0.003 -10"><span class='ocrx_word' id='word_1_172' title='bbox 113 1561 259 1598; x_wconf 74' lang='lat' dir='ltr'><strong>pectora</strong></span> <span class='ocrx_word' id='word_1_173' title='bbox 273 1567 387 1599; x_wconf 77' lang='lat' dir='ltr'><strong>sexus,</strong></span> <span class='ocrx_word' id='word_1_174' title='bbox 399 1558 566 1591; x_wconf 82' lang='lat' dir='ltr'><strong>cernimus</strong></span> <span class='ocrx_word' id='word_1_175' title='bbox 578 1558 714 1591; x_wconf 84' lang='lat' dir='ltr'><strong>Heroas</strong></span> <span class='ocrx_word' id='word_1_176' title='bbox 724 1563 816 1592; x_wconf 85' lang='lat' dir='ltr'><strong>atto·</strong></span> 
     </span>
     <span class='ocr_line' id='line_1_32' title="bbox 115 1607 444 1652; baseline 0.003 -13"><span class='ocrx_word' id='word_1_177' title='bbox 115 1607 198 1640; x_wconf 76' lang='lat' dir='ltr'><strong>nitoe</strong></span> <span class='ocrx_word' id='word_1_178' title='bbox 212 1612 251 1640; x_wconf 89' lang='lat' dir='ltr'><strong>et</strong></span> <span class='ocrx_word' id='word_1_179' title='bbox 263 1609 444 1652; x_wconf 67' lang='lat' dir='ltr'><strong>perculsae.</strong></span> 
     </span>
    </p>

    <p class='ocr_par' dir='ltr' id='par_1_25' title="bbox 114 1657 816 1850">
     <span class='ocr_line' id='line_1_33' title="bbox 155 1657 815 1700; baseline 0 -10"><span class='ocrx_word' id='word_1_180' title='bbox 155 1660 220 1690; x_wconf 75' lang='lat'><strong>4⁰1</strong></span> <span class='ocrx_word' id='word_1_181' title='bbox 242 1657 554 1700; x_wconf 66' lang='lat' dir='ltr'><strong>Amphitryoniades]</strong></span> <span class='ocrx_word' id='word_1_182' title='bbox 590 1658 760 1691; x_wconf 82' lang='lat' dir='ltr'><strong>Hercules</strong></span> <span class='ocrx_word' id='word_1_183' title='bbox 775 1657 815 1690; x_wconf 87' lang='lat' dir='ltr'><strong>fi-</strong></span> 
     </span>
     <span class='ocr_line' id='line_1_34' title="bbox 114 1707 815 1750; baseline 0.001 -10"><span class='ocrx_word' id='word_1_184' title='bbox 114 1707 181 1740; x_wconf 76' lang='lat' dir='ltr'><strong>lius</strong></span> <span class='ocrx_word' id='word_1_185' title='bbox 209 1707 481 1750; x_wconf 75' lang='lat' dir='ltr'><strong>Amphitryonis.</strong></span> <span class='ocrx_word' id='word_1_186' title='bbox 524 1709 676 1741; x_wconf 70' lang='lat' dir='ltr'><strong>Auernus</strong></span> <span class='ocrx_word' id='word_1_187' title='bbox 701 1709 815 1741; x_wconf 71' lang='lat' dir='ltr'><strong>utrim-</strong></span> 
     </span>
     <span class='ocr_line' id='line_1_35' title="bbox 114 1757 816 1800; baseline 0.001 -10"><span class='ocrx_word' id='word_1_188' title='bbox 114 1758 188 1800; x_wconf 69' lang='lat' dir='ltr'><strong>que]</strong></span> <span class='ocrx_word' id='word_1_189' title='bbox 207 1758 304 1790; x_wconf 83' lang='lat' dir='ltr'><strong>Beue</strong></span> <span class='ocrx_word' id='word_1_190' title='bbox 324 1759 475 1799; x_wconf 70' lang='lat' dir='ltr'><strong>«um,</strong></span> <span class='ocrx_word' id='word_1_191' title='bbox 497 1768 542 1791; x_wconf 90' lang='lat' dir='ltr'><strong>ne</strong></span> <span class='ocrx_word' id='word_1_192' title='bbox 565 1757 601 1791; x_wconf 90' lang='lat' dir='ltr'><strong>in</strong></span> <span class='ocrx_word' id='word_1_193' title='bbox 620 1769 689 1791; x_wconf 89' lang='lat' dir='ltr'><strong>uno</strong></span> <span class='ocrx_word' id='word_1_194' title='bbox 703 1759 816 1791; x_wconf 89' lang='lat' dir='ltr'><strong>latere</strong></span> 
     </span>
     <span class='ocr_line' id='line_1_36' title="bbox 114 1807 816 1850; baseline 0.001 -10"><span class='ocrx_word' id='word_1_195' title='bbox 114 1807 205 1840; x_wconf 78' lang='lat' dir='ltr'><strong>forte</strong></span> <span class='ocrx_word' id='word_1_196' title='bbox 219 1812 314 1841; x_wconf 76' lang='lat' dir='ltr'><strong>stans</strong></span> <span class='ocrx_word' id='word_1_197' title='bbox 334 1808 423 1840; x_wconf 89' lang='lat' dir='ltr'><strong>mole</strong></span> <span class='ocrx_word' id='word_1_198' title='bbox 440 1808 605 1850; x_wconf 83' lang='lat' dir='ltr'><strong>corporis,</strong></span> <span class='ocrx_word' id='word_1_199' title='bbox 626 1813 687 1840; x_wconf 88' lang='lat' dir='ltr'><strong>aut</strong></span> <span class='ocrx_word' id='word_1_200' title='bbox 708 1809 816 1841; x_wconf 83' lang='lat' dir='ltr'><strong>etiam</strong></span> 
     </span>
    </p>
   </div>
   <div class='ocr_carea' id='block_1_25' title="bbox 51 1858 817 1900">
    <p class='ocr_par' dir='ltr' id='par_1_26' title="bbox 51 1858 817 1900">
     <span class='ocr_line' id='line_1_37' title="bbox 51 1858 817 1900; baseline -0.001 -8"><span class='ocrx_word' id='word_1_201' title='bbox 51 1867 54 1870; x_wconf 72' lang='grc'><strong>’</strong></span> <span class='ocrx_word' id='word_1_202' title='bbox 113 1858 267 1899; x_wconf 78' lang='lat' dir='ltr'><strong>virtutis,</strong></span> <span class='ocrx_word' id='word_1_203' title='bbox 301 1862 454 1891; x_wconf 82' lang='lat' dir='ltr'><strong>verteret</strong></span> <span class='ocrx_word' id='word_1_204' title='bbox 481 1868 522 1890; x_wconf 79' lang='lat' dir='ltr'><strong>ae</strong></span> <span class='ocrx_word' id='word_1_205' title='bbox 552 1863 725 1900; x_wconf 87' lang='lat' dir='ltr'><strong>mergeret</strong></span> <span class='ocrx_word' id='word_1_206' title='bbox 756 1868 817 1891; x_wconf 84' lang='lat' dir='ltr'><strong>na-</strong></span> 
     </span>
    </p>
   </div>
   <div class='ocr_carea' id='block_1_26' title="bbox 112 1909 818 2806">
    <p class='ocr_par' dir='ltr' id='par_1_27' title="bbox 112 1909 816 2000">
     <span class='ocr_line' id='line_1_38' title="bbox 115 1909 816 1950; baseline 0.001 -9"><span class='ocrx_word' id='word_1_207' title='bbox 115 1917 213 1941; x_wconf 79' lang='lat' dir='ltr'><strong>vem:</strong></span> <span class='ocrx_word' id='word_1_208' title='bbox 235 1909 379 1941; x_wconf 72' lang='lat' dir='ltr'><strong>alternum</strong></span> <span class='ocrx_word' id='word_1_209' title='bbox 404 1917 489 1950; x_wconf 87' lang='lat' dir='ltr'><strong>ergo</strong></span> <span class='ocrx_word' id='word_1_210' title='bbox 517 1918 608 1941; x_wconf 90' lang='lat' dir='ltr'><strong>nune</strong></span> <span class='ocrx_word' id='word_1_211' title='bbox 636 1909 705 1950; x_wconf 85' lang='lat' dir='ltr'><strong>hic,</strong></span> <span class='ocrx_word' id='word_1_212' title='bbox 725 1918 816 1942; x_wconf 90' lang='lat' dir='ltr'><strong>nuuc</strong></span> 
     </span>
     <span class='ocr_line' id='line_1_39' title="bbox 112 1958 715 2000; baseline 0.003 -10"><span class='ocrx_word' id='word_1_213' title='bbox 112 1958 196 1999; x_wconf 85' lang='lat' dir='ltr'><strong>illic,</strong></span> <span class='ocrx_word' id='word_1_214' title='bbox 209 1958 245 1990; x_wconf 89' lang='lat' dir='ltr'><strong>in</strong></span> <span class='ocrx_word' id='word_1_215' title='bbox 258 1963 383 1991; x_wconf 78' lang='lat' dir='ltr'><strong>neutra</strong></span> <span class='ocrx_word' id='word_1_216' title='bbox 397 1964 496 2000; x_wconf 81' lang='lat' dir='ltr'><strong>parte</strong></span> <span class='ocrx_word' id='word_1_217' title='bbox 511 1959 715 1992; x_wconf 76' lang='lat' dir='ltr'><strong>consistens.</strong></span> 
     </span>
    </p>

    <p class='ocr_par' dir='ltr' id='par_1_28' title="bbox 114 2009 818 2806">
     <span class='ocr_line' id='line_1_40' title="bbox 157 2009 816 2051; baseline 0.002 -9"><span class='ocrx_word' id='word_1_218' title='bbox 157 2011 222 2042; x_wconf 73' lang='lat'><strong>403</strong></span> <span class='ocrx_word' id='word_1_219' title='bbox 246 2009 354 2051; x_wconf 73' lang='lat' dir='ltr'><strong>loson]</strong></span> <span class='ocrx_word' id='word_1_220' title='bbox 388 2010 494 2043; x_wconf 83' lang='lat' dir='ltr'><strong>Jason</strong></span> <span class='ocrx_word' id='word_1_221' title='bbox 516 2009 651 2042; x_wconf 80' lang='lat' dir='ltr'><strong>AEsonis</strong></span> <span class='ocrx_word' id='word_1_222' title='bbox 674 2011 816 2043; x_wconf 82' lang='lat' dir='ltr'><strong>&#39;l&#39;hessa-</strong></span> 
     </span>
     <span class='ocr_line' id='line_1_41' title="bbox 114 2059 816 2101; baseline 0.001 -10"><span class='ocrx_word' id='word_1_223' title='bbox 114 2059 172 2092; x_wconf 75' lang='lat' dir='ltr'><strong>liae</strong></span> <span class='ocrx_word' id='word_1_224' title='bbox 186 2059 276 2101; x_wconf 82' lang='lat' dir='ltr'><strong>regis</strong></span> <span class='ocrx_word' id='word_1_225' title='bbox 286 2059 388 2091; x_wconf 86' lang='lat' dir='ltr'><strong>filius.</strong></span> <span class='ocrx_word' id='word_1_226' title='bbox 409 2060 513 2091; x_wconf 87' lang='lat' dir='ltr'><strong>Hunc</strong></span> <span class='ocrx_word' id='word_1_227' title='bbox 529 2063 671 2101; x_wconf 85' lang='lat' dir='ltr'><strong>patruus</strong></span> <span class='ocrx_word' id='word_1_228' title='bbox 687 2060 816 2097; x_wconf 80' lang='lat' dir='ltr'><strong>Pelias,</strong></span> 
     </span>
     <span class='ocr_line' id='line_1_42' title="bbox 116 2108 817 2152; baseline 0 -11"><span class='ocrx_word' id='word_1_229' title='bbox 116 2109 174 2152; x_wconf 83' lang='lat' dir='ltr'><strong>qui</strong></span> <span class='ocrx_word' id='word_1_230' title='bbox 186 2108 287 2142; x_wconf 83' lang='lat' dir='ltr'><strong>fratri</strong></span> <span class='ocrx_word' id='word_1_231' title='bbox 295 2109 412 2142; x_wconf 76' lang='lat' dir='ltr'><strong>AEsoni</strong></span> <span class='ocrx_word' id='word_1_232' title='bbox 421 2114 646 2151; x_wconf 76' lang='lat' dir='ltr'><strong>successerat,</strong></span> <span class='ocrx_word' id='word_1_233' title='bbox 659 2119 735 2142; x_wconf 88' lang='lat' dir='ltr'><strong>cum</strong></span> <span class='ocrx_word' id='word_1_234' title='bbox 744 2120 817 2142; x_wconf 87' lang='lat' dir='ltr'><strong>sus·</strong></span> 
     </span>
     <span class='ocr_line' id='line_1_43' title="bbox 115 2160 817 2202; baseline 0 -10"><span class='ocrx_word' id='word_1_235' title='bbox 115 2164 255 2202; x_wconf 87' lang='lat' dir='ltr'><strong>pectum</strong></span> <span class='ocrx_word' id='word_1_236' title='bbox 268 2160 416 2193; x_wconf 86' lang='lat' dir='ltr'><strong>haberet</strong></span> <span class='ocrx_word' id='word_1_237' title='bbox 427 2160 472 2192; x_wconf 91' lang='lat' dir='ltr'><strong>ob</strong></span> <span class='ocrx_word' id='word_1_238' title='bbox 485 2160 660 2198; x_wconf 83' lang='lat' dir='ltr'><strong>virtutem,</strong></span> <span class='ocrx_word' id='word_1_239' title='bbox 675 2161 817 2202; x_wconf 78' lang='lat' dir='ltr'><strong>praecla·</strong></span> 
     </span>
     <span class='ocr_line' id='line_1_44' title="bbox 116 2210 816 2252; baseline -0.003 -9"><span class='ocrx_word' id='word_1_240' title='bbox 116 2219 241 2252; x_wconf 75' lang='lat' dir='ltr'><strong>mque</strong></span> <span class='ocrx_word' id='word_1_241' title='bbox 252 2214 327 2243; x_wconf 81' lang='lat' dir='ltr'><strong>turn</strong></span> <span class='ocrx_word' id='word_1_242' title='bbox 340 2210 443 2242; x_wconf 87' lang='lat' dir='ltr'><strong>animi</strong></span> <span class='ocrx_word' id='word_1_243' title='bbox 452 2214 523 2243; x_wconf 88' lang='lat' dir='ltr'><strong>tum</strong></span> <span class='ocrx_word' id='word_1_244' title='bbox 534 2210 688 2252; x_wconf 82' lang='lat' dir='ltr'><strong>corporis</strong></span> <span class='ocrx_word' id='word_1_245' title='bbox 703 2210 816 2251; x_wconf 82' lang='lat' dir='ltr'><strong>dotes,</strong></span> 
     </span>
     <span class='ocr_line' id='line_1_45' title="bbox 115 2252 816 2302; baseline 0 -10"><span class='ocrx_word' id='word_1_246' title='bbox 115 2252 356 2302; x_wconf 77' lang='lat' dir='ltr'><strong>perditumque</strong></span> <span class='ocrx_word' id='word_1_247' title='bbox 378 2261 498 2300; x_wconf 80' lang='lat' dir='ltr'><strong>vellet,</strong></span> <span class='ocrx_word' id='word_1_248' title='bbox 519 2260 688 2293; x_wconf 86' lang='lat' dir='ltr'><strong>excitavit</strong></span> <span class='ocrx_word' id='word_1_249' title='bbox 700 2260 744 2292; x_wconf 84' lang='lat' dir='ltr'><strong>ad</strong></span> <span class='ocrx_word' id='word_1_250' title='bbox 759 2270 816 2293; x_wconf 85' lang='lat' dir='ltr'><strong>ex·</strong></span> 
     </span>
     <span class='ocr_line' id='line_1_46' title="bbox 116 2309 817 2353; baseline 0.003 -11"><span class='ocrx_word' id='word_1_251' title='bbox 116 2309 325 2351; x_wconf 78' lang='lat' dir='ltr'><strong>peditionem</strong></span> <span class='ocrx_word' id='word_1_252' title='bbox 342 2311 550 2353; x_wconf 84' lang='lat' dir='ltr'><strong>Colchicam,</strong></span> <span class='ocrx_word' id='word_1_253' title='bbox 577 2315 750 2353; x_wconf 85' lang='lat' dir='ltr'><strong>praetextu</strong></span> <span class='ocrx_word' id='word_1_254' title='bbox 765 2320 817 2344; x_wconf 86' lang='lat' dir='ltr'><strong>re-</strong></span> 
     </span>
     <span class='ocr_line' id='line_1_47' title="bbox 116 2360 817 2403; baseline 0 -11"><span class='ocrx_word' id='word_1_255' title='bbox 116 2360 307 2402; x_wconf 82' lang='lat' dir='ltr'><strong>cuperandi</strong></span> <span class='ocrx_word' id='word_1_256' title='bbox 317 2361 413 2392; x_wconf 84' lang='lat' dir='ltr'><strong>aurei</strong></span> <span class='ocrx_word' id='word_1_257' title='bbox 425 2361 574 2402; x_wconf 84' lang='lat' dir='ltr'><strong>velleris,</strong></span> <span class='ocrx_word' id='word_1_258' title='bbox 583 2361 675 2403; x_wconf 90' lang='lat' dir='ltr'><strong>quod</strong></span> <span class='ocrx_word' id='word_1_259' title='bbox 684 2361 817 2402; x_wconf 84' lang='lat' dir='ltr'><strong>Phryx·</strong></span> 
     </span>
     <span class='ocr_line' id='line_1_48' title="bbox 116 2410 817 2453; baseline 0.001 -11"><span class='ocrx_word' id='word_1_260' title='bbox 116 2419 156 2442; x_wconf 81' lang='lat' dir='ltr'><strong>us</strong></span> <span class='ocrx_word' id='word_1_261' title='bbox 178 2410 260 2443; x_wconf 89' lang='lat' dir='ltr'><strong>illuc</strong></span> <span class='ocrx_word' id='word_1_262' title='bbox 281 2410 422 2452; x_wconf 81' lang='lat' dir='ltr'><strong>tulerat,</strong></span> <span class='ocrx_word' id='word_1_263' title='bbox 443 2420 506 2452; x_wconf 86' lang='lat' dir='ltr'><strong>spe</strong></span> <span class='ocrx_word' id='word_1_264' title='bbox 527 2420 622 2451; x_wconf 85' lang='lat' dir='ltr'><strong>vero,</strong></span> <span class='ocrx_word' id='word_1_265' title='bbox 643 2416 704 2444; x_wconf 80' lang='lat' dir='ltr'><strong>aut</strong></span> <span class='ocrx_word' id='word_1_266' title='bbox 726 2411 817 2453; x_wconf 87' lang='lat' dir='ltr'><strong>peri·</strong></span> 
     </span>
     <span class='ocr_line' id='line_1_49' title="bbox 117 2462 816 2504; baseline 0 -9"><span class='ocrx_word' id='word_1_267' title='bbox 117 2462 196 2496; x_wconf 87' lang='lat' dir='ltr'><strong>culo</strong></span> <span class='ocrx_word' id='word_1_268' title='bbox 209 2470 279 2495; x_wconf 83' lang='lat' dir='ltr'><strong>tam</strong></span> <span class='ocrx_word' id='word_1_269' title='bbox 292 2462 405 2503; x_wconf 82' lang='lat' dir='ltr'><strong>longae</strong></span> <span class='ocrx_word' id='word_1_270' title='bbox 427 2463 655 2504; x_wconf 78' lang='lat' dir='ltr'><strong>navigationis</strong></span> <span class='ocrx_word' id='word_1_271' title='bbox 671 2467 731 2495; x_wconf 81' lang='lat' dir='ltr'><strong>ant</strong></span> <span class='ocrx_word' id='word_1_272' title='bbox 745 2463 816 2495; x_wconf 81' lang='lat' dir='ltr'><strong>bel-</strong></span> 
     </span>
     <span class='ocr_line' id='line_1_50' title="bbox 116 2513 818 2556; baseline -0.001 -9"><span class='ocrx_word' id='word_1_273' title='bbox 116 2514 162 2547; x_wconf 71' lang='lat' dir='ltr'><strong>lis</strong></span> <span class='ocrx_word' id='word_1_274' title='bbox 172 2515 261 2547; x_wconf 83' lang='lat' dir='ltr'><strong>hunc</strong></span> <span class='ocrx_word' id='word_1_275' title='bbox 271 2514 435 2556; x_wconf 85' lang='lat' dir='ltr'><strong>juvenem</strong></span> <span class='ocrx_word' id='word_1_276' title='bbox 452 2514 653 2555; x_wconf 82' lang='lat' dir='ltr'><strong>periturum.</strong></span> <span class='ocrx_word' id='word_1_277' title='bbox 697 2513 818 2546; x_wconf 85' lang='lat' dir='ltr'><strong>Fabri·</strong></span> 
     </span>
     <span class='ocr_line' id='line_1_51' title="bbox 117 2563 817 2607; baseline -0.004 -10"><span class='ocrx_word' id='word_1_278' title='bbox 117 2569 197 2597; x_wconf 77' lang='lat' dir='ltr'><strong>cata</strong></span> <span class='ocrx_word' id='word_1_279' title='bbox 211 2563 317 2607; x_wconf 80' lang='lat' dir='ltr'><strong>igitur</strong></span> <span class='ocrx_word' id='word_1_280' title='bbox 331 2564 412 2596; x_wconf 86' lang='lat' dir='ltr'><strong>navi</strong></span> <span class='ocrx_word' id='word_1_281' title='bbox 436 2563 528 2605; x_wconf 81' lang='lat' dir='ltr'><strong>Argo</strong></span> <span class='ocrx_word' id='word_1_282' title='bbox 544 2573 565 2596; x_wconf 84' lang='lat' dir='ltr'><strong>a</strong></span> <span class='ocrx_word' id='word_1_283' title='bbox 578 2573 735 2606; x_wconf 84' lang='lat' dir='ltr'><strong>naupego</strong></span> <span class='ocrx_word' id='word_1_284' title='bbox 750 2563 817 2595; x_wconf 88' lang='lat' dir='ltr'><strong>Ar-</strong></span> 
     </span>
     <span class='ocr_line' id='line_1_52' title="bbox 118 2613 818 2656; baseline 0 -10"><span class='ocrx_word' id='word_1_285' title='bbox 118 2623 163 2656; x_wconf 77' lang='lat' dir='ltr'><strong>go</strong></span> <span class='ocrx_word' id='word_1_286' title='bbox 182 2614 232 2647; x_wconf 75' lang='lat' dir='ltr'><strong>sic</strong></span> <span class='ocrx_word' id='word_1_287' title='bbox 246 2618 381 2651; x_wconf 84' lang='lat' dir='ltr'><strong>vocata,</strong></span> <span class='ocrx_word' id='word_1_288' title='bbox 403 2623 497 2646; x_wconf 83' lang='lat' dir='ltr'><strong>mare</strong></span> <span class='ocrx_word' id='word_1_289' title='bbox 511 2613 725 2654; x_wconf 84' lang='lat' dir='ltr'><strong>conscendit,</strong></span> <span class='ocrx_word' id='word_1_290' title='bbox 740 2622 818 2646; x_wconf 85' lang='lat' dir='ltr'><strong>cum</strong></span> 
     </span>
     <span class='ocr_line' id='line_1_53' title="bbox 117 2660 818 2705; baseline 0.001 -10"><span class='ocrx_word' id='word_1_291' title='bbox 117 2660 355 2696; x_wconf 77' lang='lat' dir='ltr'><strong>florentissima</strong></span> <span class='ocrx_word' id='word_1_292' title='bbox 378 2663 484 2696; x_wconf 85' lang='lat' dir='ltr'><strong>totius</strong></span> <span class='ocrx_word' id='word_1_293' title='bbox 519 2663 668 2696; x_wconf 80' lang='lat' dir='ltr'><strong>Graeciae</strong></span> <span class='ocrx_word' id='word_1_294' title='bbox 694 2663 818 2705; x_wconf 79' lang='lat' dir='ltr'><strong>juven·</strong></span> 
     </span>
     <span class='ocr_line' id='line_1_54' title="bbox 120 2712 818 2755; baseline 0 -10"><span class='ocrx_word' id='word_1_295' title='bbox 120 2717 207 2746; x_wconf 84' lang='lat' dir='ltr'><strong>tute.</strong></span> <span class='ocrx_word' id='word_1_296' title='bbox 250 2714 318 2746; x_wconf 82' lang='lat' dir='ltr'><strong>Illa</strong></span> <span class='ocrx_word' id='word_1_297' title='bbox 333 2713 503 2755; x_wconf 83' lang='lat' dir='ltr'><strong>profectio</strong></span> <span class='ocrx_word' id='word_1_298' title='bbox 519 2717 633 2746; x_wconf 88' lang='lat' dir='ltr'><strong>tamen</strong></span> <span class='ocrx_word' id='word_1_299' title='bbox 648 2713 698 2745; x_wconf 87' lang='lat' dir='ltr'><strong>illi</strong></span> <span class='ocrx_word' id='word_1_300' title='bbox 709 2712 818 2746; x_wconf 83' lang='lat' dir='ltr'><strong>felici·</strong></span> 
     </span>
     <span class='ocr_line' id='line_1_55' title="bbox 119 2763 817 2806; baseline 0.001 -11"><span class='ocrx_word' id='word_1_301' title='bbox 119 2767 174 2795; x_wconf 88' lang='lat' dir='ltr'><strong>ter</strong></span> <span class='ocrx_word' id='word_1_302' title='bbox 195 2764 381 2796; x_wconf 78' lang='lat' dir='ltr'><strong>successit:</strong></span> <span class='ocrx_word' id='word_1_303' title='bbox 406 2763 577 2806; x_wconf 79' lang='lat' dir='ltr'><strong>superatis</strong></span> <span class='ocrx_word' id='word_1_304' title='bbox 602 2764 692 2798; x_wconf 88' lang='lat' dir='ltr'><strong>enim</strong></span> <span class='ocrx_word' id='word_1_305' title='bbox 719 2764 817 2797; x_wconf 84' lang='lat' dir='ltr'><strong>iunu-</strong></span> 
     </span>
    </p>
   </div>
   <div class='ocr_carea' id='block_1_27' title="bbox 868 1306 1580 2796">
    <p class='ocr_par' dir='ltr' id='par_1_29' title="bbox 868 1306 1579 1852">
     <span class='ocr_line' id='line_1_56' title="bbox 870 1306 1579 1349; baseline 0.001 -10"><span class='ocrx_word' id='word_1_306' title='bbox 870 1307 973 1339; x_wconf 75' lang='lat' dir='ltr'><strong>meris</strong></span> <span class='ocrx_word' id='word_1_307' title='bbox 997 1306 1172 1349; x_wconf 80' lang='lat' dir='ltr'><strong>periculis,</strong></span> <span class='ocrx_word' id='word_1_308' title='bbox 1198 1306 1275 1339; x_wconf 87' lang='lat' dir='ltr'><strong>fere</strong></span> <span class='ocrx_word' id='word_1_309' title='bbox 1299 1316 1417 1340; x_wconf 87' lang='lat' dir='ltr'><strong>omnes</strong></span> <span class='ocrx_word' id='word_1_310' title='bbox 1433 1317 1512 1340; x_wconf 77' lang='lat' dir='ltr'><strong>suos</strong></span> <span class='ocrx_word' id='word_1_311' title='bbox 1526 1308 1579 1340; x_wconf 90' lang='lat' dir='ltr'><strong>in-</strong></span> 
     </span>
     <span class='ocr_line' id='line_1_57' title="bbox 869 1357 1577 1396; baseline 0 -6"><span class='ocrx_word' id='word_1_312' title='bbox 869 1358 1020 1390; x_wconf 85' lang='lat' dir='ltr'><strong>columes</strong></span> <span class='ocrx_word' id='word_1_313' title='bbox 1035 1357 1187 1396; x_wconf 82' lang='lat' dir='ltr'><strong>reduxit,</strong></span> <span class='ocrx_word' id='word_1_314' title='bbox 1210 1367 1252 1389; x_wconf 85' lang='lat' dir='ltr'><strong>ac</strong></span> <span class='ocrx_word' id='word_1_315' title='bbox 1276 1358 1396 1390; x_wconf 88' lang='lat' dir='ltr'><strong>retulit</strong></span> <span class='ocrx_word' id='word_1_316' title='bbox 1415 1358 1500 1390; x_wconf 88' lang='lat' dir='ltr'><strong>illud</strong></span> <span class='ocrx_word' id='word_1_317' title='bbox 1518 1368 1577 1390; x_wconf 90' lang='lat' dir='ltr'><strong>au-</strong></span> 
     </span>
     <span class='ocr_line' id='line_1_58' title="bbox 868 1407 1575 1449; baseline 0.003 -10"><span class='ocrx_word' id='word_1_318' title='bbox 868 1417 966 1439; x_wconf 88' lang='lat' dir='ltr'><strong>reum</strong></span> <span class='ocrx_word' id='word_1_319' title='bbox 994 1408 1113 1439; x_wconf 82' lang='lat' dir='ltr'><strong>vellus.</strong></span> <span class='ocrx_word' id='word_1_320' title='bbox 1157 1407 1272 1440; x_wconf 74' lang='lat' dir='ltr'><strong>Levem</strong></span> <span class='ocrx_word' id='word_1_321' title='bbox 1295 1416 1376 1439; x_wconf 86' lang='lat' dir='ltr'><strong>vero</strong></span> <span class='ocrx_word' id='word_1_322' title='bbox 1405 1407 1505 1449; x_wconf 86' lang='lat' dir='ltr'><strong>dicit,</strong></span> <span class='ocrx_word' id='word_1_323' title='bbox 1530 1418 1575 1441; x_wconf 79' lang='lat' dir='ltr'><strong>an</strong></span> 
     </span>
     <span class='ocr_line' id='line_1_59' title="bbox 869 1458 1578 1500; baseline 0.001 -10"><span class='ocrx_word' id='word_1_324' title='bbox 869 1458 1052 1490; x_wconf 83' lang='lat' dir='ltr'><strong>referendo</strong></span> <span class='ocrx_word' id='word_1_325' title='bbox 1067 1458 1112 1489; x_wconf 91' lang='lat' dir='ltr'><strong>ad</strong></span> <span class='ocrx_word' id='word_1_326' title='bbox 1128 1458 1307 1490; x_wconf 80' lang='lat' dir='ltr'><strong>levitatem</strong></span> <span class='ocrx_word' id='word_1_327' title='bbox 1323 1458 1492 1500; x_wconf 82' lang='lat' dir='ltr'><strong>corporis,</strong></span> <span class='ocrx_word' id='word_1_328' title='bbox 1507 1468 1578 1500; x_wconf 79' lang='lat' dir='ltr'><strong>qua</strong></span> 
     </span>
     <span class='ocr_line' id='line_1_60' title="bbox 868 1507 1577 1550; baseline -0.001 -8"><span class='ocrx_word' id='word_1_329' title='bbox 868 1509 974 1542; x_wconf 73' lang='lat' dir='ltr'><strong>Jason</strong></span> <span class='ocrx_word' id='word_1_330' title='bbox 1000 1518 1064 1550; x_wconf 84' lang='lat' dir='ltr'><strong>per</strong></span> <span class='ocrx_word' id='word_1_331' title='bbox 1086 1513 1252 1548; x_wconf 84' lang='lat' dir='ltr'><strong>transtra,</strong></span> <span class='ocrx_word' id='word_1_332' title='bbox 1274 1518 1313 1540; x_wconf 89' lang='lat' dir='ltr'><strong>ac</strong></span> <span class='ocrx_word' id='word_1_333' title='bbox 1329 1507 1391 1549; x_wconf 83' lang='lat' dir='ltr'><strong>pei·</strong></span> <span class='ocrx_word' id='word_1_334' title='bbox 1407 1512 1507 1550; x_wconf 82' lang='lat' dir='ltr'><strong>terga</strong></span> <span class='ocrx_word' id='word_1_335' title='bbox 1522 1518 1577 1541; x_wconf 88' lang='lat' dir='ltr'><strong>re·</strong></span> 
     </span>
     <span class='ocr_line' id='line_1_61' title="bbox 869 1558 1578 1600; baseline 0 -9"><span class='ocrx_word' id='word_1_336' title='bbox 869 1560 997 1600; x_wconf 86' lang='lat' dir='ltr'><strong>migum</strong></span> <span class='ocrx_word' id='word_1_337' title='bbox 1012 1559 1190 1591; x_wconf 84' lang='lat' dir='ltr'><strong>celerrime</strong></span> <span class='ocrx_word' id='word_1_338' title='bbox 1211 1558 1412 1591; x_wconf 84' lang='lat' dir='ltr'><strong>ferebatur:</strong></span> <span class='ocrx_word' id='word_1_339' title='bbox 1436 1567 1479 1590; x_wconf 86' lang='lat' dir='ltr'><strong>an</strong></span> <span class='ocrx_word' id='word_1_340' title='bbox 1494 1568 1578 1591; x_wconf 80' lang='lat' dir='ltr'><strong>vero</strong></span> 
     </span>
     <span class='ocr_line' id='line_1_62' title="bbox 871 1609 1577 1651; baseline -0.001 -9"><span class='ocrx_word' id='word_1_341' title='bbox 871 1610 915 1642; x_wconf 86' lang='lat' dir='ltr'><strong>ad</strong></span> <span class='ocrx_word' id='word_1_342' title='bbox 942 1610 1121 1642; x_wconf 83' lang='lat' dir='ltr'><strong>levitatem</strong></span> <span class='ocrx_word' id='word_1_343' title='bbox 1148 1609 1264 1650; x_wconf 88' lang='lat' dir='ltr'><strong>animi,</strong></span> <span class='ocrx_word' id='word_1_344' title='bbox 1286 1619 1354 1651; x_wconf 85' lang='lat' dir='ltr'><strong>qua</strong></span> <span class='ocrx_word' id='word_1_345' title='bbox 1369 1609 1478 1642; x_wconf 84' lang='lat' dir='ltr'><strong>Jason</strong></span> <span class='ocrx_word' id='word_1_346' title='bbox 1500 1609 1577 1641; x_wconf 90' lang='lat' dir='ltr'><strong>nul·</strong></span> 
     </span>
     <span class='ocr_line' id='line_1_63' title="bbox 869 1659 1576 1693; baseline 0 -1"><span class='ocrx_word' id='word_1_347' title='bbox 869 1661 935 1692; x_wconf 85' lang='lat' dir='ltr'><strong>lam</strong></span> <span class='ocrx_word' id='word_1_348' title='bbox 952 1659 1129 1693; x_wconf 83' lang='lat' dir='ltr'><strong>constanti</strong></span> <span class='ocrx_word' id='word_1_349' title='bbox 1138 1669 1253 1692; x_wconf 86' lang='lat' dir='ltr'><strong>amore</strong></span> <span class='ocrx_word' id='word_1_350' title='bbox 1277 1659 1399 1692; x_wconf 84' lang='lat' dir='ltr'><strong>dilexit</strong></span> <span class='ocrx_word' id='word_1_351' title='bbox 1413 1669 1576 1692; x_wconf 86' lang='lat' dir='ltr'><strong>uxorem:</strong></span> 
     </span>
     <span class='ocr_line' id='line_1_64' title="bbox 870 1709 1577 1752; baseline -0.001 -9"><span class='ocrx_word' id='word_1_352' title='bbox 870 1710 1065 1752; x_wconf 81' lang='lat' dir='ltr'><strong>Hypsipyle</strong></span> <span class='ocrx_word' id='word_1_353' title='bbox 1087 1709 1179 1741; x_wconf 89' lang='lat' dir='ltr'><strong>enim</strong></span> <span class='ocrx_word' id='word_1_354' title='bbox 1202 1710 1354 1750; x_wconf 84' lang='lat' dir='ltr'><strong>deserta,</strong></span> <span class='ocrx_word' id='word_1_355' title='bbox 1376 1709 1478 1741; x_wconf 87' lang='lat' dir='ltr'><strong>duxit</strong></span> <span class='ocrx_word' id='word_1_356' title='bbox 1498 1710 1577 1742; x_wconf 86' lang='lat' dir='ltr'><strong>Me-</strong></span> 
     </span>
     <span class='ocr_line' id='line_1_65' title="bbox 869 1760 1576 1802; baseline -0.001 -9"><span class='ocrx_word' id='word_1_357' title='bbox 869 1761 990 1793; x_wconf 83' lang='lat' dir='ltr'><strong>deam:</strong></span> <span class='ocrx_word' id='word_1_358' title='bbox 1015 1760 1149 1802; x_wconf 82' lang='lat' dir='ltr'><strong>rejecta</strong></span> <span class='ocrx_word' id='word_1_359' title='bbox 1164 1769 1247 1792; x_wconf 84' lang='lat' dir='ltr'><strong>vero</strong></span> <span class='ocrx_word' id='word_1_360' title='bbox 1263 1761 1402 1798; x_wconf 79' lang='lat' dir='ltr'><strong>Medea,</strong></span> <span class='ocrx_word' id='word_1_361' title='bbox 1418 1761 1576 1793; x_wconf 81' lang='lat' dir='ltr'><strong>Glaucen</strong></span> 
     </span>
     <span class='ocr_line' id='line_1_66' title="bbox 870 1810 1304 1852; baseline -0.002 -9"><span class='ocrx_word' id='word_1_362' title='bbox 870 1811 935 1843; x_wconf 83' lang='lat' dir='ltr'><strong>sibi</strong></span> <span class='ocrx_word' id='word_1_363' title='bbox 953 1810 1168 1843; x_wconf 79' lang='lat' dir='ltr'><strong>matrimonio</strong></span> <span class='ocrx_word' id='word_1_364' title='bbox 1174 1810 1304 1852; x_wconf 87' lang='lat' dir='ltr'><strong>junxit.</strong></span> 
     </span>
    </p>

    <p class='ocr_par' dir='ltr' id='par_1_30' title="bbox 871 1859 1575 1954">
     <span class='ocr_line' id='line_1_67' title="bbox 911 1859 1575 1903; baseline -0.002 -10"><span class='ocrx_word' id='word_1_365' title='bbox 911 1864 977 1894; x_wconf 79' lang='grc'><strong>404</strong></span> <span class='ocrx_word' id='word_1_366' title='bbox 1010 1861 1182 1902; x_wconf 72' lang='lat' dir='ltr'><strong>Impressa]</strong></span> <span class='ocrx_word' id='word_1_367' title='bbox 1227 1860 1284 1892; x_wconf 89' lang='lat' dir='ltr'><strong>An</strong></span> <span class='ocrx_word' id='word_1_368' title='bbox 1320 1859 1476 1903; x_wconf 81' lang='lat' dir='ltr'><strong>vestigiis</strong></span> <span class='ocrx_word' id='word_1_369' title='bbox 1512 1860 1575 1893; x_wconf 85' lang='lat' dir='ltr'><strong>im-</strong></span> 
     </span>
     <span class='ocr_line' id='line_1_68' title="bbox 871 1911 1017 1954; baseline 0 -11"><span class='ocrx_word' id='word_1_370' title='bbox 871 1921 990 1954; x_wconf 79' lang='lat' dir='ltr'><strong>pressa</strong></span> <span class='ocrx_word' id='word_1_371' title='bbox 1003 1911 1017 1943; x_wconf 87' lang='lat'>?</span> 
     </span>
    </p>

    <p class='ocr_par' dir='ltr' id='par_1_31' title="bbox 870 1960 1580 2596">
     <span class='ocr_line' id='line_1_69' title="bbox 909 1960 1577 2003; baseline -0.001 -9"><span class='ocrx_word' id='word_1_372' title='bbox 909 1964 972 1994; x_wconf 81' lang='lat'><strong>405</strong></span> <span class='ocrx_word' id='word_1_373' title='bbox 1000 1960 1167 2003; x_wconf 74' lang='lat' dir='ltr'><strong>OEnidem]</strong></span> <span class='ocrx_word' id='word_1_374' title='bbox 1184 1960 1399 2002; x_wconf 82' lang='lat' dir='ltr'><strong>Meleagrum</strong></span> <span class='ocrx_word' id='word_1_375' title='bbox 1412 1961 1513 1993; x_wconf 87' lang='lat' dir='ltr'><strong>OEnei</strong></span> <span class='ocrx_word' id='word_1_376' title='bbox 1524 1970 1577 1993; x_wconf 89' lang='lat' dir='ltr'><strong>re-</strong></span> 
     </span>
     <span class='ocr_line' id='line_1_70' title="bbox 870 2012 1576 2054; baseline 0 -10"><span class='ocrx_word' id='word_1_377' title='bbox 870 2013 921 2054; x_wconf 80' lang='lat' dir='ltr'><strong>gis</strong></span> <span class='ocrx_word' id='word_1_378' title='bbox 952 2012 1090 2045; x_wconf 85' lang='lat' dir='ltr'><strong>AEtoliae</strong></span> <span class='ocrx_word' id='word_1_379' title='bbox 1112 2012 1220 2044; x_wconf 80' lang='lat' dir='ltr'><strong>filium</strong></span> <span class='ocrx_word' id='word_1_380' title='bbox 1250 2012 1463 2044; x_wconf 86' lang='lat' dir='ltr'><strong>notissimum</strong></span> <span class='ocrx_word' id='word_1_381' title='bbox 1491 2022 1576 2054; x_wconf 84' lang='lat' dir='ltr'><strong>apro</strong></span> 
     </span>
     <span class='ocr_line' id='line_1_71' title="bbox 871 2062 1575 2104; baseline -0.001 -9"><span class='ocrx_word' id='word_1_382' title='bbox 871 2062 1063 2104; x_wconf 84' lang='lat' dir='ltr'><strong>Calydonio</strong></span> <span class='ocrx_word' id='word_1_383' title='bbox 1078 2067 1115 2094; x_wconf 87' lang='lat' dir='ltr'><strong>et</strong></span> <span class='ocrx_word' id='word_1_384' title='bbox 1129 2072 1245 2094; x_wconf 88' lang='lat' dir='ltr'><strong>amore</strong></span> <span class='ocrx_word' id='word_1_385' title='bbox 1258 2062 1454 2095; x_wconf 83' lang='lat' dir='ltr'><strong>Atalantes.</strong></span> <span class='ocrx_word' id='word_1_386' title='bbox 1476 2063 1575 2095; x_wconf 88' lang='lat' dir='ltr'><strong>Utri-</strong></span> 
     </span>
     <span class='ocr_line' id='line_1_72' title="bbox 871 2111 1577 2153; baseline 0 -9"><span class='ocrx_word' id='word_1_387' title='bbox 871 2122 978 2153; x_wconf 84' lang='lat' dir='ltr'><strong>usque</strong></span> <span class='ocrx_word' id='word_1_388' title='bbox 999 2111 1089 2144; x_wconf 77' lang='lat' dir='ltr'><strong>filius</strong></span> <span class='ocrx_word' id='word_1_389' title='bbox 1107 2112 1379 2153; x_wconf 75' lang='lat' dir='ltr'><strong>Parthenopaeus</strong></span> <span class='ocrx_word' id='word_1_390' title='bbox 1402 2122 1486 2144; x_wconf 88' lang='lat' dir='ltr'><strong>unus</strong></span> <span class='ocrx_word' id='word_1_391' title='bbox 1507 2111 1577 2144; x_wconf 84' lang='lat' dir='ltr'><strong>fuit</strong></span> 
     </span>
     <span class='ocr_line' id='line_1_73' title="bbox 871 2161 1580 2203; baseline -0.001 -9"><span class='ocrx_word' id='word_1_392' title='bbox 871 2162 1043 2194; x_wconf 80' lang='lat' dir='ltr'><strong>edacibus</strong></span> <span class='ocrx_word' id='word_1_393' title='bbox 1058 2161 1213 2203; x_wconf 83' lang='lat' dir='ltr'><strong>Argivis.</strong></span> <span class='ocrx_word' id='word_1_394' title='bbox 1257 2161 1364 2202; x_wconf 71' lang='lat' dir='ltr'><strong>Idan]</strong></span> <span class='ocrx_word' id='word_1_395' title='bbox 1387 2161 1470 2194; x_wconf 81' lang='lat' dir='ltr'><strong>Idas</strong></span> <span class='ocrx_word' id='word_1_396' title='bbox 1485 2161 1580 2194; x_wconf 78' lang='lat' dir='ltr'><strong>fillus·</strong></span> 
     </span>
     <span class='ocr_line' id='line_1_74' title="bbox 871 2211 1575 2254; baseline -0.001 -10"><span class='ocrx_word' id='word_1_397' title='bbox 871 2212 1024 2254; x_wconf 82' lang='lat' dir='ltr'><strong>Apharei</strong></span> <span class='ocrx_word' id='word_1_398' title='bbox 1040 2211 1224 2244; x_wconf 70' lang='lat' dir='ltr'><strong>Messeniae</strong></span> <span class='ocrx_word' id='word_1_399' title='bbox 1241 2212 1373 2253; x_wconf 82' lang='lat' dir='ltr'><strong>reguli:</strong></span> <span class='ocrx_word' id='word_1_400' title='bbox 1390 2217 1471 2253; x_wconf 85' lang='lat' dir='ltr'><strong>post</strong></span> <span class='ocrx_word' id='word_1_401' title='bbox 1484 2211 1575 2244; x_wconf 90' lang='lat' dir='ltr'><strong>redi-</strong></span> 
     </span>
     <span class='ocr_line' id='line_1_75' title="bbox 871 2260 1576 2303; baseline 0 -9"><span class='ocrx_word' id='word_1_402' title='bbox 871 2266 941 2294; x_wconf 89' lang='lat' dir='ltr'><strong>tum</strong></span> <span class='ocrx_word' id='word_1_403' title='bbox 972 2266 1087 2293; x_wconf 82' lang='lat' dir='ltr'><strong>autem</strong></span> <span class='ocrx_word' id='word_1_404' title='bbox 1115 2261 1187 2303; x_wconf 79' lang='lat' dir='ltr'><strong>ejus</strong></span> <span class='ocrx_word' id='word_1_405' title='bbox 1216 2271 1260 2293; x_wconf 86' lang='lat' dir='ltr'><strong>ex</strong></span> <span class='ocrx_word' id='word_1_406' title='bbox 1292 2260 1472 2303; x_wconf 88' lang='lat' dir='ltr'><strong>Colchide,</strong></span> <span class='ocrx_word' id='word_1_407' title='bbox 1499 2265 1576 2294; x_wconf 82' lang='lat' dir='ltr'><strong>orta</strong></span> 
     </span>
     <span class='ocr_line' id='line_1_76' title="bbox 870 2310 1577 2353; baseline -0.001 -9"><span class='ocrx_word' id='word_1_408' title='bbox 870 2312 946 2344; x_wconf 83' lang='lat' dir='ltr'><strong>rixa</strong></span> <span class='ocrx_word' id='word_1_409' title='bbox 967 2312 1061 2344; x_wconf 88' lang='lat' dir='ltr'><strong>inter</strong></span> <span class='ocrx_word' id='word_1_410' title='bbox 1082 2321 1160 2343; x_wconf 88' lang='lat' dir='ltr'><strong>eum</strong></span> <span class='ocrx_word' id='word_1_411' title='bbox 1173 2310 1385 2353; x_wconf 76' lang='lat' dir='ltr'><strong>fratremque</strong></span> <span class='ocrx_word' id='word_1_412' title='bbox 1400 2311 1577 2353; x_wconf 85' lang='lat' dir='ltr'><strong>Lynceum</strong></span> 
     </span>
     <span class='ocr_line' id='line_1_77' title="bbox 871 2361 1575 2403; baseline 0.001 -10"><span class='ocrx_word' id='word_1_413' title='bbox 871 2371 916 2394; x_wconf 81' lang='lat' dir='ltr'><strong>ex</strong></span> <span class='ocrx_word' id='word_1_414' title='bbox 929 2371 999 2394; x_wconf 88' lang='lat' dir='ltr'><strong>una</strong></span> <span class='ocrx_word' id='word_1_415' title='bbox 1013 2366 1125 2403; x_wconf 86' lang='lat' dir='ltr'><strong>parte,</strong></span> <span class='ocrx_word' id='word_1_416' title='bbox 1137 2371 1178 2394; x_wconf 83' lang='lat' dir='ltr'><strong>ac</strong></span> <span class='ocrx_word' id='word_1_417' title='bbox 1188 2362 1365 2394; x_wconf 79' lang='lat' dir='ltr'><strong>Castorem</strong></span> <span class='ocrx_word' id='word_1_418' title='bbox 1380 2361 1575 2394; x_wconf 86' lang='lat' dir='ltr'><strong>Pollucem-</strong></span> 
     </span>
     <span class='ocr_line' id='line_1_78' title="bbox 872 2412 1575 2456; baseline -0.001 -11"><span class='ocrx_word' id='word_1_419' title='bbox 872 2423 939 2456; x_wconf 89' lang='lat' dir='ltr'><strong>que</strong></span> <span class='ocrx_word' id='word_1_420' title='bbox 954 2423 998 2445; x_wconf 87' lang='lat' dir='ltr'><strong>ex</strong></span> <span class='ocrx_word' id='word_1_421' title='bbox 1011 2413 1135 2454; x_wconf 81' lang='lat' dir='ltr'><strong>altera,</strong></span> <span class='ocrx_word' id='word_1_422' title='bbox 1157 2417 1299 2454; x_wconf 90' lang='lat' dir='ltr'><strong>propter</strong></span> <span class='ocrx_word' id='word_1_423' title='bbox 1313 2412 1435 2444; x_wconf 77' lang='lat' dir='ltr'><strong>abacta</strong></span> <span class='ocrx_word' id='word_1_424' title='bbox 1450 2422 1472 2444; x_wconf 84' lang='lat' dir='ltr'><strong>a</strong></span> <span class='ocrx_word' id='word_1_425' title='bbox 1491 2412 1575 2445; x_wconf 84' lang='lat' dir='ltr'><strong>Cas-</strong></span> 
     </span>
     <span class='ocr_line' id='line_1_79' title="bbox 871 2461 1575 2504; baseline -0.001 -10"><span class='ocrx_word' id='word_1_426' title='bbox 871 2467 950 2495; x_wconf 88' lang='lat' dir='ltr'><strong>tore</strong></span> <span class='ocrx_word' id='word_1_427' title='bbox 970 2461 1059 2494; x_wconf 82' lang='lat' dir='ltr'><strong>illius</strong></span> <span class='ocrx_word' id='word_1_428' title='bbox 1086 2471 1227 2504; x_wconf 80' lang='lat' dir='ltr'><strong>pecora,</strong></span> <span class='ocrx_word' id='word_1_429' title='bbox 1250 2462 1377 2494; x_wconf 86' lang='lat' dir='ltr'><strong>Pollux</strong></span> <span class='ocrx_word' id='word_1_430' title='bbox 1397 2462 1575 2503; x_wconf 81' lang='lat' dir='ltr'><strong>Lynceum</strong></span> 
     </span>
     <span class='ocr_line' id='line_1_80' title="bbox 871 2510 1575 2553; baseline -0.001 -9"><span class='ocrx_word' id='word_1_431' title='bbox 871 2511 1013 2552; x_wconf 86' lang='lat' dir='ltr'><strong>occidit,</strong></span> <span class='ocrx_word' id='word_1_432' title='bbox 1032 2511 1108 2553; x_wconf 83' lang='lat' dir='ltr'><strong>ipse</strong></span> <span class='ocrx_word' id='word_1_433' title='bbox 1135 2521 1216 2543; x_wconf 84' lang='lat' dir='ltr'><strong>vero</strong></span> <span class='ocrx_word' id='word_1_434' title='bbox 1238 2511 1318 2543; x_wconf 85' lang='lat' dir='ltr'><strong>Idas</strong></span> <span class='ocrx_word' id='word_1_435' title='bbox 1338 2510 1479 2543; x_wconf 83' lang='lat' dir='ltr'><strong>fulmine</strong></span> <span class='ocrx_word' id='word_1_436' title='bbox 1495 2521 1575 2553; x_wconf 87' lang='lat' dir='ltr'><strong>per-</strong></span> 
     </span>
     <span class='ocr_line' id='line_1_81' title="bbox 870 2562 1145 2596; baseline -0.011 0"><span class='ocrx_word' id='word_1_437' title='bbox 870 2573 988 2596; x_wconf 78' lang='lat' dir='ltr'><strong>cussus</strong></span> <span class='ocrx_word' id='word_1_438' title='bbox 1000 2562 1145 2594; x_wconf 89' lang='lat' dir='ltr'><strong>interiit.</strong></span> 
     </span>
    </p>

    <p class='ocr_par' dir='ltr' id='par_1_32' title="bbox 871 2611 1573 2796">
     <span class='ocr_line' id='line_1_82' title="bbox 913 2611 1573 2654; baseline 0 -10"><span class='ocrx_word' id='word_1_439' title='bbox 913 2615 979 2644; x_wconf 75' lang='lat'><strong>406</strong></span> <span class='ocrx_word' id='word_1_440' title='bbox 1004 2612 1149 2654; x_wconf 74' lang='lat' dir='ltr'><strong>Talaum]</strong></span> <span class='ocrx_word' id='word_1_441' title='bbox 1172 2611 1298 2644; x_wconf 76' lang='lat' dir='ltr'><strong>Talaus</strong></span> <span class='ocrx_word' id='word_1_442' title='bbox 1314 2611 1454 2644; x_wconf 83' lang='lat' dir='ltr'><strong>Crethei</strong></span> <span class='ocrx_word' id='word_1_443' title='bbox 1468 2611 1573 2654; x_wconf 83' lang='lat' dir='ltr'><strong>filius,</strong></span> 
     </span>
     <span class='ocr_line' id='line_1_83' title="bbox 871 2661 1572 2705; baseline -0.001 -10"><span class='ocrx_word' id='word_1_444' title='bbox 871 2667 971 2705; x_wconf 82' lang='lat' dir='ltr'><strong>pater</strong></span> <span class='ocrx_word' id='word_1_445' title='bbox 987 2662 1131 2694; x_wconf 86' lang='lat' dir='ltr'><strong>Adrasti</strong></span> <span class='ocrx_word' id='word_1_446' title='bbox 1145 2662 1236 2703; x_wconf 82' lang='lat' dir='ltr'><strong>regis</strong></span> <span class='ocrx_word' id='word_1_447' title='bbox 1252 2661 1472 2704; x_wconf 81' lang='lat' dir='ltr'><strong>Argivorum,</strong></span> <span class='ocrx_word' id='word_1_448' title='bbox 1484 2671 1572 2694; x_wconf 73' lang='lat' dir='ltr'><strong>unus</strong></span> 
     </span>
     <span class='ocr_line' id='line_1_84' title="bbox 872 2712 1573 2756; baseline -0.003 -11"><span class='ocrx_word' id='word_1_449' title='bbox 872 2723 915 2745; x_wconf 84' lang='lat' dir='ltr'><strong>ex</strong></span> <span class='ocrx_word' id='word_1_450' title='bbox 927 2713 1147 2756; x_wconf 81' lang='lat' dir='ltr'><strong>Argonautis.</strong></span> <span class='ocrx_word' id='word_1_451' title='bbox 1191 2714 1280 2746; x_wconf 76' lang='lat' dir='ltr'><strong>Canu</strong></span> <span class='ocrx_word' id='word_1_452' title='bbox 1289 2713 1470 2756; x_wconf 70' lang='lat' dir='ltr'><strong>aspergine]</strong></span> <span class='ocrx_word' id='word_1_453' title='bbox 1485 2712 1573 2755; x_wconf 87' lang='lat' dir='ltr'><strong>Spu-</strong></span> 
     </span>
     <span class='ocr_line' id='line_1_85' title="bbox 873 2773 938 2796; baseline 0 0"><span class='ocrx_word' id='word_1_454' title='bbox 873 2773 938 2796; x_wconf 79' lang='lat' dir='ltr'><strong>ma.</strong></span> 
     </span>
    </p>
   </div>
  </div>
 </body>
</html>
