1820 3068
239 241 326 284 952
735 255 775 286 Ρ.
811 255 1003 288 PAP1N11
1039 256 1207 288 s'rA'rn

239 406 296 463 P
304 437 431 469 ULSA
454 427 552 470 sitis
571 428 724 480 fluvio,
745 429 1054 486 populataque
1072 431 1254 486 gurgitis
1275 431 1450 474 alveum

240 492 434 547 Agmina
454 495 714 550 linquebant
733 497 873 552 ripaS,
894 511 1155 554 amnemque
1175 500 1419 542 minorem:

241 559 404 604 Acrior
424 567 467 604 et
486 576 694 618 campum
717 566 900 620 sonipes
920 568 1053 622 rapit,
1075 574 1121 610 et
1139 567 1276 622 pedes
1299 580 1407 611 arva

241 627 406 683 Implet
428 642 596 674 ovans:
627 631 794 675 rediere
813 634 922 675 viris
941 635 1179 690 animique,
1199 635 1437 690 minaeque,

240 695 464 751 Votaque,
483 700 739 754 sanguineis
760 700 949 742 mixtum
971 714 1050 743 ceu
1069 702 1264 744 fontibus
1285 703 1428 757 ignem
1679 703 1708 744 5

284 814 367 847 Sitis
377 826 468 848 amne
481 818 590 849 sedata
598 820 657 855 est,
671 821 702 849 et
717 818 825 858 copioe,
840 817 963 858 direpto
968 818 1120 860 fluminis
1131 820 1230 860 alveo,
1243 819 1425 852 deserebant
1435 820 1558 861 littora,
1566 829 1603 852 ac
1605 819 1709 862 fluvi-

239 867 291 889 um
305 859 504 891 diminutum.
553 860 597 891 Et
621 870 716 901 equus
740 861 900 892 ardentior
916 861 1029 903 repetit
1044 871 1196 902 campum,
1213 866 1244 894 et
1265 863 1410 894 exultans
1427 864 1522 904 pedes
1534 873 1630 903 agros
1650 862 1710 893 im·

236 901 312 941 plet.
357 902 492 934 Reversi
504 902 657 935 militibus
671 903 770 935 animi
784 907 814 935 et
830 903 934 945 minoe,
958 914 994 935 ac
1015 914 1097 945 spes,
1118 908 1152 936 ut
1174 905 1204 937 si
1220 905 1367 938 bibissent
1380 907 1524 939 ardorem
1538 905 1610 938 belli
1623 905 1710 944 insu-

855 1000 1097 1014 uueoaeoeeee

282 1063 422 1097 Behott.
441 1067 472 1097 1.
489 1069 521 1098 2.
545 1065 613 1098 duo
641 1066 832 1106 Barthiani,
862 1067 944 1100 Put.
973 1068 1133 1100 Lactant.
1161 1067 1307 1101 Venett.
1323 1069 1404 1100 3.4.
1430 1066 1531 1101 Rom.
1558 1065 1706 1099 Linden-

242 1105 338 1148 brog.
355 1108 458 1140 Cruc.
476 1113 512 1141 et
531 1109 652 1141 Barth.
671 1111 734 1142 hoc
751 1109 877 1142 habent
894 1110 1168 1152 Argumentum:

503 1152 676 1192 Postquam
695 1154 786 1194 pulsa
806 1153 891 1190 sitis,
913 1155 1108 1194 relevantque
1130 1152 1265 1185 membra
1277 1153 1425 1195 fluentis,

500 1195 668 1226 Inachides
681 1195 824 1236 juvenes,
845 1199 918 1227 ante
939 1206 1043 1228 omnes
1066 1197 1153 1227 mitis
1174 1197 1344 1236 Adrastus,

501 1238 697 1279 Hypsipyles
719 1239 840 1278 coelum,
859 1242 999 1279 gentem,
1018 1240 1215 1280 patriamque
1236 1239 1381 1280 requirit.

501 1280 641 1320 Ingemit
663 1281 719 1312 illa
740 1281 877 1322 quidem,
897 1285 927 1315 et
951 1283 1077 1314 tandem
1099 1282 1154 1313 viv
1175 1285 1286 1314 moesta
1303 1282 1469 1323 profatur,-

500 1322 633 1354 Lemnos
655 1326 725 1354 erat
743 1324 863 1364 patria,
883 1325 1029 1365 princeps
1051 1325 1130 1356 mihi
1150 1324 1316 1365 sanguinis
1339 1325 1444 1363 Euan,

503 1366 570 1397 Hic
592 1365 721 1398 Veneris
741 1366 829 1398 rabie
850 1371 929 1398 «τωο
951 1371 1061 1399 cuncta
1081 1370 1220 1409 peremta
1241 1367 1379 1399 virorum
1402 1370 1460 1399 est.

501 1408 564 1439 Ast
585 1418 642 1448 ego
663 1409 728 1440 sola
753 1419 854 1441 'neum
875 1420 983 1442 carum
1004 1411 1154 1442 miserata
1172 1413 1335 1450 parentem

507 1452 675 1483 Committe
697 1453 879 1484 incolumem
902 1455 1025 1485 centis:
1048 1463 1121 1485 mox
1144 1454 1213 1494 ipsa
1232 1462 1290 1494 per
1312 1453 1409 1484 undas

507 1494 639 1526 Excessi
657 1495 815 1534 geminam
838 1495 981 1536 linquens
1002 1497 1040 1528 de
1061 1497 1176 1528 Jasoue
1196 1496 1327 1537 prolem.

505 1536 589 1568 Haec
601 1536 691 1576 sata,
714 1537 937 1569 Archemorum
957 1548 1046 1570 sacro
1067 1541 1207 1580 serpente
1226 1541 1400 1579 peremtum

506 1579 665 1620 Conspicit
691 1581 860 1621 Eurydice,
880 1581 1019 1620 genitr-is
1040 1582 1217 1613 miseranda
1241 1581 1374 1622 querelis

504 1622 646 1664 Intonat,
669 1626 700 1654 et
720 1625 826 1663 placat
851 1623 1025 1655 Graiorum
1047 1624 1139 1656 turba
1162 1624 1356 1666 Lycurgum.

244 1674 355 1706 Versu
372 1677 401 1706 l.
426 1675 618 1717 membraque
643 1677 745 1708 let-ata
761 1676 898 1718 fluentis
923 1678 1064 1711 Behott.
1089 1681 1118 1709 1.
1136 1680 1169 1709 2.
1194 1682 1230 1708 et
1255 1676 1325 1708 duo
1352 1674 1410 1707 alii
1437 1673 1540 1708 codd·
1562 1674 1711 1716 Barthii,

246 1727 347 1758 quam
363 1718 544 1758 genuinam
561 1719 767 1760 scripturam
784 1720 841 1753 ille
860 1725 971 1761 putat.
1011 1721 1069 1752 Vs.
1081 1723 1112 1753 2.
1131 1719 1293 1751 Inachidae
1307 1718 1451 1751 Behott.
1467 1720 1498 1750 l.
1511 1721 1544 1750 2.
1560 1723 1598 1750 et
1612 1723 1709 1750 vetus

245 1759 355 1792 codex
383 1761 527 1792 Barthii.
572 1762 632 1794 Vs.
661 1765 693 1794 3.
720 1763 885 1804 Ipsiphiles
912 1763 1039 1795 Behot.
1067 1767 1096 1795 l.
1135 1762 1283 1804 Isiphiles
1309 1761 1433 1794 Behot.
1459 1763 1492 1793 2.
1537 1761 1602 1794 Vs.
1625 1763 1659 1793 4.
1676 1765 1711 1792 ae

190 1834 192 1836 .
244 1803 380 1834 tamdem
411 1807 509 1835 vetus
535 1804 692 1844 Barthii;
714 1805 804 1846 qnod
832 1806 890 1837 ille
918 1806 1054 1847 probat.
1100 1806 1162 1837 Vs.
1187 1809 1219 1837 5.
1249 1806 1259 1822 ‘
1277 1804 1318 1836 In
1343 1804 1411 1836 alio
1433 1803 1532 1843 libro,
1554 1803 1611 1845 qui
1642 1801 1710 1837 fuit

244 1845 415 1877 Theodori
433 1846 629 1887 Pulmanni,
654 1848 784 1880 inserta
811 1853 864 1880 est
891 1849 1028 1880 vocula:
1049 1849 1155 1890 patria
1174 1851 1242 1886 est‚·
1265 1857 1366 1889 quam
1391 1855 1458 1878 non
1475 1845 1711 1878 admittimus!

243 1888 366 1920 Barth.
412 1889 535 1921 Behot.
554 1893 583 1921 1.
603 1891 732 1932 putriae.
790 1891 849 1922 Vs.
867 1895 899 1923 6.
925 1891 992 1923 Hic
1013 1892 1142 1923 Veneris
1168 1892 1286 1923 rabiem
1309 1893 1358 1921 sat
1383 1892 1431 1921 est
1455 1891 1594 1929 peremta
1626 1889 1710 1921 viro-

244 1939 316 1962 rum
328 1935 376 1963 est
392 1932 504 1964 codex
522 1933 677 1972 Barthii;
701 1933 790 1966 unde
817 1934 896 1966 ille:
922 1934 991 1966 Hic
1013 1934 1140 1966 Veneris
1159 1934 1244 1965 rabie
1264 1933 1314 1977 cis
1333 1935 1413 1972 tota,
1433 1932 1487 1971 85⁶.
1532 1931 1628 1963 Unus
1642 1932 1711 1965 Be-

245 1973 319 2006 hot.
342 1978 480 2015 perenta.
525 1976 587 2007 Vs.
610 1980 641 2008 7.
665 1975 712 2008 At
738 1987 795 2016 (go
818 1986 904 2008 unns
931 1977 1055 2008 Behot.
1080 1987 1196 2008 mecum
1212 1977 1372 2008 ahc-arum
1389 1984 1474 2006 unus
1491 1973 1711 2006 Barthianus.

246 2016 306 2047 Vs.
323 2019 356 2047 3.
380 2019 389 2035 ⁴
411 2017 450 2048 ln
466 2017 568 2050 codd.
593 2019 782 2051 Incolumem
802 2020 874 2051 misi
897 2020 1007 2051 ventis.
1052 2019 1145 2051 Puto
1163 2025 1336 2050 auctorem
1353 2027 1418 2049 non
1435 2016 1570 2048 omnino
1586 2015 1711 2066 impro-

246 2059 324 2090 bum
346 2060 548 2101 scripsisse:
570 2061 686 2094 immisi
710 2062 825 2094 ventis.
872 2063 882 2079 ‘
899 2061 1164 2094 Committeudi’
1193 2068 1307 2093 tamen
1331 2064 1369 2092 et
1399 2060 1410 2078 ⁸
1428 2058 1713 2109 commendan511{

247 2101 360 2134 verbis
377 2103 485 2135 utitur
502 2104 667 2145 Papinius
694 2115 742 2136 vs.
758 2107 833 2137 283.
851 2110 885 2136 et
901 2105 987 2137 287ss
1011 2105 1128 2136 Barth.
1173 2105 1231 2136 Vs.
1247 2107 1279 2136 9.
1306 2102 1430 2134 Excelsi
1450 2111 1608 2142 gemmam
1623 2102 1714 2143 ΔΙιᾳιιι

246 2145 453 2179 membranae
479 2147 624 2179 Barthii.
670 2148 826 2189 Uterque
843 2148 970 2180 Behot.
998 2148 1142 2188 linquens
1167 2156 1291 2188 yasone.
1339 2145 1398 2177 Vs.
1417 2148 1469 2177 10.
1491 2148 1633 2186 serpente
1654 2154 1710 2185 pe-

245 2191 370 2219 rentum
385 2198 471 2221 unus
488 2190 614 2222 Belnot.
659 2191 720 2222 Vs.
740 2194 792 2223 ll.
815 2190 961 2222 Elidit-en
977 2191 1101 2222 Behot.
1122 2194 1150 2222 l.
1192 2189 1350 2222 Erudit-en
1365 2189 1488 2220 Behot.
1504 2190 1536 2220 2.
1579 2188 1641 2220 Vs.
1654 2189 1710 2219 12.

246 2231 428 2271 Ligurgum
444 2233 477 2263 iu
494 2237 641 2275 utroque
659 2233 782 2265 Behot.
1642 2272 1650 2280 ι
1679 2250 1687 2279 ψ·

289 2274 331 2305 In
365 2274 596 2316 Inscriptione
632 2276 730 2317 hujus
755 2275 866 2318 quinti
893 2276 970 2307 libri
994 2275 1149 2318 qnaedam
1173 2273 1303 2306 Barthii
1325 2273 1533 2305 membranoe
1561 2271 1712 2314 Papinio

248 2323 381 2357 ponunt
395 2318 566 2350 Titulum:
585 2318 688 2351 Statii
701 2319 922 2359 Aquilini.-l
949 2320 1042 2351 Dan.
1060 2319 1144 2350 Put.
1160 2318 1286 2349 Petav.
1303 2321 1447 2358 uterque
1462 2315 1588 2365 Pgehot.
1604 2315 1713 2364 Lnng.

246 2359 350 2391 Laur.
381 2360 514 2392 Buslid.
533 2361 682 2402 Lipsian.
712 2362 829 2393 Plant.
860 2362 1090 2403 Liudenbrog.
1107 2365 1142 2392 et
1159 2361 1261 2393 Cruc.
1276 2361 1402 2397 alvum5
1425 2363 1563 2399 opttmae
1580 2357 1715 2390 Bartlm

249 2402 470 2442 membranae,
484 2404 643 2436 Petrens.
670 2404 757 2437 Exc.
776 2405 921 2438 Cantab.
944 2404 1050 2437 Aldd.
1067 2404 1178 2436 Colin.
1196 2403 1328 2443 Gryph.
1341 2402 1483 2434 Gevart.
1498 2400 1659 2433 Grasser.
1675 2404 1712 2432 et

247 2445 604 2481 recentt.·atveum.—2
629 2446 782 2488 Optimae
798 2447 933 2478 Barthii
950 2447 1158 2478 membranae
1176 2446 1358 2486 rippam-5
1383 2445 1469 2476 Exc.
1484 2442 1628 2475 Cantab.
1644 2442 1712 2474 Pe-

249 2492 357 2522 trens.
372 2489 489 2521 Burm.
503 2489 610 2531 Lang.
624 2490 726 2522 Laur.
740 2490 872 2522 Buslid.
888 2499 972 2522 unus
986 2490 1110 2522 Behot.
1123 2489 1245 2531 optimi
1257 2487 1446 2524 Euthiam,
1459 2486 1600 2519 Venett.
1613 2485 1712 2518 Rom.

902 2586 1046 2619 NOTAE

288 2664 307 2694 1
348 2661 493 2703 Alcaeum]
531 2661 600 2695 Hic
631 2663 708 2695 duae
744 2661 885 2703 syllabae
916 2661 951 2693 in
1049 2665 1070 2694 4
1095 2655 1325 2701 Rediere‚&c.]
1359 2657 1424 2690 Siti
1444 2656 1533 2688 enim
1548 2654 1709 2697 gravissi-

246 2721 346 2744 unum
362 2712 488 2745 coEunt
501 2713 603 2745 metri
618 2714 739 2755 gratia.
1005 2721 1059 2743 ma
1085 2711 1194 2744 omnis
1209 2710 1312 2743 ardor
1326 2708 1516 2741 animorum
1536 2705 1710 2738 extinctus

289 2765 309 2793 2
332 2762 523 2804 Amnemque
545 2763 708 2805 minorem]
729 2763 836 2796 ,Pota
862 2761 950 2794 scili·
1003 2761 1130 2794 fuerat.

246 2817 302 2845 cet
317 2812 503 2844 exercitus.
