1820 3068
209 171 297 214 624
716 181 755 210 P.
788 178 980 210 PAPfflu
1016 178 1181 209 s‘rA‘ru

208 277 422 328 Dissidet,
441 280 485 319 et
503 276 603 333 (qui
625 288 721 317 mos
742 274 945 330 populis)
965 279 1178 317 venturus
1199 282 1386 318 eruatur.
1596 275 1678 317 1⁹70

207 345 358 400 Atque
380 346 558 400 aliquis,
579 344 651 385 cui
671 356 797 384 mens
818 343 973 384 humili
985 343 1164 385 laesisse
1183 356 1357 386 veneno

208 414 405 465 Summa,
426 426 506 455 nec
527 412 759 467 impositos
779 424 977 466 unquam
998 412 1174 454 cervice
1195 412 1361 454 volenti

209 481 341 523 Ferre
363 480 526 522 duces:
557 480 751 522 Hancne
773 479 975 534 Ogygiis,
995 480 1074 530 ait,
1094 492 1255 535 aspera
1270 479 1406 522 rebus

210 549 326 590 Fata
344 548 486 591 tulere
506 547 648 590 vicem
661 548 681 589 ’ἱ
712 547 850 590 toties
872 549 1043 589 mutare
1063 546 1301 599 timendos,

207 615 481 670 Alternoque
493 616 608 671 ,iugo
628 615 878 659 dubitantia
896 615 1087 658 subdere
1109 615 1254 658 colla!

208 683 370 726 Partiti
390 689 567 728 versant
586 685 852 740 populorum
870 684 981 736 fata,
1001 697 1227 739 manuque

210 751 452 794 Fortunam
471 753 616 795 fecere
634 753 791 795 levem.
847 752 1087 807 Semperne
1106 752 1306 794 vicissim

208 819 430 862 Exulibus
452 822 613 863 servire
635 821 776 863 dabor
789 822 809 863 ‘t
841 821 937 872 tibi,
957 833 1128 863 summe
1149 819 1351 863 Deorum

1592 616 1677 658 175

206 933 325 963 nentur
339 941 358 963 a
372 941 457 971 rege,
481 935 511 963 et
526 931 623 974 (quod
637 934 683 964 est
705 931 868 972 ingenium
888 929 1087 973 populorum)
1100 939 1254 962 successor
1267 930 1427 971 diligitur.
1470 930 1515 963 Ae
1529 941 1601 963 vero
1615 931 1675 963 oli-

208 975 290 1015 quis,
311 975 362 1006 eui
378 985 444 1007 mos
457 980 539 1014 erat,
560 979 594 1006 nt
608 974 781 1017 offenderet
793 977 936 1017 potentes
950 973 1076 1015 ignavis
1089 973 1277 1014 maledictis,
1291 977 1323 1006 et
1335 974 1389 1016 qui
1403 983 1464 1006 non
1472 977 1594 1015 poterat
1606 975 1676 1015 poti

171 1021 177 1024 '
206 1016 374 1058 spontaneo
388 1019 464 1050 eollo
471 1018 587 1057 jugum
602 1019 777 1059 principum
789 1028 800 1049 .·
826 1018 968 1058 Hancne,
990 1017 1106 1058 inquil,
1119 1017 1197 1056 fola
1210 1018 1290 1050 dura
1301 1017 1474 1049 intulerat
1485 1017 1676 1049 vicissitudi-

206 1069 275 1091 nem
298 1061 476 1102 reipublicae
503 1060 681 1094 Theoanae?
702 1062 795 1093 toties
819 1064 940 1093 mutare
962 1061 1113 1100 dontinus,
1134 1063 1164 1092 et
1189 1060 1384 1092 summittere
1398 1060 1532 1092 incertas
1544 1061 1678 1092 cervice:

209 1103 341 1134 ulternoe
356 1104 588 1137 dominationi!
609 1105 668 1136 huc
682 1105 882 1136 contentione
897 1105 984 1135 ludos
996 1104 1126 1142 faciunt
1143 1103 1295 1142 fortunas
1305 1104 1499 1144 populorum,
1519 1107 1551 1135 et
1569 1104 1676 1136 dedico

208 1156 300 1186 opera
315 1151 431 1179 sortem
445 1157 550 1179 eorum
574 1151 763 1179 contemtum
788 1148 933 1179 reddunt.
976 1147 1144 1188 Semperne
1165 1146 1245 1178 mihi
1266 1146 1398 1190 alternis
1420 1147 1590 1188 pov-endam
1612 1146 1676 1179 erit

208 1189 371 1222 exulibus?
407 1192 437 1222 0
452 1200 593 1233 supreme
612 1194 704 1233 pater
720 1191 857 1223 Deorum
878 1193 908 1222 et
923 1189 1093 1231 hominum,
1116 1188 1214 1222 tibine
1234 1190 1354 1232 placuit
1367 1189 1485 1222 doum-e
1509 1189 1591 1222 lum
1605 1189 1675 1222 ans'-

827 1275 888 1287 ”O
891 1273 1007 1287 ‘nno
1010 1273 1069 1287 ‘n

209 1339 331 1373 codice
347 1342 580 1384 manuscripto
603 1342 707 1375 scribi
727 1341 831 1383 jussit
847 1339 1035 1373 Barthius:
1060 1340 1130 1380 quis
1149 1343 1224 1372 tunc
1249 1340 1427 1373 tion—1⁷0
1449 1339 1550 1373 Rom.
1566 1338 1672 1371 Aldd.

210 1384 322 1415 Colin.
339 1385 471 1427 Gryph.
487 1391 523 1418 et
546 1386 650 1418 Basil.
675 1387 729 1428 qui
750 1395 823 1418 mox
841 1383 989 1425 mdiu·
1009 1383 1135 1415 Behot.
1151 1384 1243 1416 Dan.
1261 1384 1386 1416 Petu.
1410 1383 1570 1416 Petrens.
1584 1383 1674 1414 Tou*

208 1427 273 1458 rin.
303 1428 407 1469 Lang.
435 1429 586 1470 Lipsian.
603 1430 673 1470 alii,
692 1439 769 1463 cum
797 1429 937 1460 Venett.
961 1428 993 1458 3.
1015 1429 1048 1459 4.
1070 1427 1125 1468 qui
1146 1437 1213 1459 mos
1234 1427 1368 1469 populis,
1382 1427 1472 1469 quod
1499 1425 1675 1459 revomuit

208 1470 421 1513 Bernartius,
449 1477 657 1515 receperunt
685 1473 832 1506 Gevart.
861 1468 1096 1511 Lindenbrog.
1125 1470 1231 1503 Crue.
1260 1470 1404 1504 Gevatt.
1431 1471 1525 1503 Dan.
1550 1469 1673 1503 Heins-

869 1556 1013 1591 NOTAE

253 1625 314 1655 171
353 1623 457 1666 Atque
502 1626 630 1667 aliquis,
661 1625 731 1668 ssa]
775 1624 917 1658 Inducit
971 1631 1080 1665 pensa
1091 1627 1199 1663 metu,
1214 1622 1460 1668 tolerandaque
1484 1622 1585 1655 nullis
1607 1621 1672 1654 As·

210 1673 324 1705 Poeta
339 1675 450 1707 civem
465 1675 678 1716 Thebanum,
702 1677 744 1708 de
765 1675 818 1709 his
841 1686 914 1717 reg—

210 1725 314 1756 nandi
338 1726 430 1758 inter
457 1726 583 1759 fratres
612 1727 744 1760 vicibus
769 1736 914 1770 queren-

211 1779 295 1807 tem.

253 1828 316 1857 172
348 1825 493 1868 Summo]
524 1828 705 1869 Potentes,
733 1828 791 1871 qui
825 1837 913 1860 sum·

207 1885 296 1907 mam
315 1886 427 1908 rerum
447 1883 582 1910 tenent.

252 1929 314 1958 173
357 1927 511 1970 ogygiis]
546 1929 726 1962 Thebanis.
770 1930 913 1972 Ogyges

209 1976 299 2008 enim
330 1978 532 2019 quibusdem
563 1980 693 2021 primus
721 1980 913 2013 Thebarum

208 2027 393 2060 conditor:
415 2028 506 2061 unde
519 2029 644 2062 Thebae
660 2030 807 2073 Ogygiae
825 2031 912 2064 Poe·

209 2077 253 2108 tis
267 2077 386 2118 dictae,
402 2083 440 2110 nt
451 2079 524 2120 jam
540 2080 687 2112 diximus
700 2091 815 2123 supra.

255 2130 318 2160 174
348 2129 468 2171 vicem]
503 2130 640 2163 Annum
678 2132 768 2164 enim
806 2134 914 2165 solum

210 2187 352 2219 regnare
367 2179 517 2213 debebat
533 2186 691 2224 uterque,
703 2192 913 2225 regnumque

208 2230 310 2261 alteri
335 2231 486 2273 tradere,
510 2243 599 2265 anno
624 2238 808 2267 transacto.
854 2234 912 2266 To·

208 2281 270 2312 tieo
298 2286 420 2314 mutare
456 2284 624 2326 timendos]
657 2285 789 2328 Supple
817 2295 914 2328 reges

209 2341 270 2364 seu
295 2332 463 2374 dominos,
493 2334 676 2368 Horatius:
700 2337 855 2379 ‘Regum
873 2337 915 2369 ti·

209 2383 408 2416 mendorum
434 2385 469 2417 in
486 2386 641 2427 proprios
658 2388 803 2428 greges.’
846 2388 916 2427 1115,

210 2434 270 2474 ait,
285 2440 419 2467 mutant
433 2436 537 2476 vices,
561 2442 599 2469 ut
614 2438 798 2479 imperent,
813 2439 912 2471 nobis

212 2494 352 2527 semper
368 2488 598 2521 serviendum.

255 2538 315 2567 175
339 2538 490 2580 Auerno]
514 2539 612 2571 Illius
628 2540 717 2572 enim
735 2544 820 2573 tunc
845 2542 912 2573 col·

209 2586 279 2617 lum
291 2588 572 2621 summittendum
583 2596 660 2622 erat
665 2590 764 2633 jugo,
776 2600 852 2623 mox
866 2592 912 2624 al-

212 2637 330 2667 terius.

255 2689 318 2718 1⁷6
347 2687 493 2729 Verrunt]
528 2691 624 2723 Bene
654 2698 802 2734 versant,
831 2693 912 2736 quia

211 2740 249 2767 ut
281 2747 360 2770 mox
392 2739 550 2771 dicetur:
582 2742 685 2774 ‘Heu
713 2743 817 2775 dubio
839 2754 909 2777 sus·

969 1682 1054 1715 pera
1069 1683 1142 1705 sors
1158 1674 1314 1716 populis!
1337 1674 1393 1706 bic
1417 1673 1584 1715 imperat3
1611 1673 1669 1704 ille

967 1723 1142 1756 minatur.’
1187 1724 1283 1756 Nihil
1303 1724 1392 1756 enim
1415 1728 1549 1755 certum
1574 1726 1672 1764 pote-

967 1780 1021 1806 rat
1037 1784 1113 1806 esse
1128 1774 1162 1806 in
1190 1780 1260 1806 tam
1284 1774 1456 1817 praecipiti
1479 1773 1671 1816 principum

967 1825 1168 1857 mutatione.
1215 1825 1376 1866 Monnque
1386 1824 1560 1857 Fortunam
1565 1823 1673 1862 fecere

967 1875 1080 1917 levem]
1125 1875 1338 1917 Notandum,
1373 1876 1385 1894 ‘
1398 1885 1499 1907 mann
1534 1873 1672 1907 facere'

968 1926 1087 1958 eadem
1126 1926 1265 1958 notione
1301 1933 1468 1968 usurpare
1503 1925 1672 1958 Senecam

969 1978 1122 2019 pluribus
1136 1978 1170 2009 in
1187 1977 1281 2014 locis,
1295 1987 1363 2020 qua
1376 1977 1520 2019 ‘sponte
1530 1975 1673 2009 facere!

969 2029 1026 2061 De
1053 2029 1231 2062 Brevitate
1253 2029 1345 2060 vitae
1371 2037 1448 2070 cap.
1463 2031 1496 2061 ⁸.
1519 2028 1531 2046 ‘
1545 2026 1672 2070 Adjiee

967 2080 1118 2121 morbos,
1153 2090 1238 2123 quos
1274 2085 1397 2123 sponte
1427 2079 1571 2112 facimus
1589 2079 1613 2120 ς’
1636 2082 1673 2112 et
1691 2089 1698 2096 ·

969 2132 1212 2164 Consolatione
1242 2131 1284 2164 ad
1317 2132 1478 2164 Martiam
1509 2138 1589 2173 cap.
1616 2134 1672 2164 19.

968 2186 979 2203 ⁸
991 2184 1158 2228 Adeoque
1173 2190 1382 2218 senectutem
1410 2185 1572 2227 solitudo,
1596 2195 1671 2229 quae

968 2237 1101 2269 solebat
1115 2236 1306 2278 destruere,
1329 2237 1372 2269 ad
1395 2237 1584 2279 potentiam
1609 2236 1671 2270 dn·

967 2288 1030 2327 cit,
1045 2292 1083 2320 ut
1093 2288 1230 2330 quidam
1245 2288 1324 2320 odia
1339 2287 1485 2319 filiorum
1498 2287 1672 2327 simulent,

969 2343 1006 2371 et
1020 2338 1205 2372 orbitatem
1221 2349 1322 2371 manu
1338 2337 1495 2372 faciant!
1535 2338 1670 2372 'Misera

970 2390 1074 2426 enim.
1096 2395 1133 2423 et
1161 2391 1294 2424 incerta
1321 2389 1386 2423 hoc
1402 2390 1502 2422 modo
1519 2395 1595 2423 erat
1611 2393 1670 2432 ρο-Δ

967 2441 1040 2482 puli
1054 2441 1209 2474 Thebani
1225 2440 1379 2474 conditio
1395 2440 1458 2473 sub
1480 2445 1548 2472 tam
1577 2439 1670 2473 varia

967 2492 1222 2533 dominatione;
1244 2492 1456 2525 tolerabilior
1475 2501 1556 2524 vero
1579 2491 1671 2533 prin-

967 2543 1104 2583 cipum:
1136 2542 1374 2584 aegritudinem
1404 2541 1494 2574 enim
1521 2543 1668 2584 privatae

967 2593 1046 2625 vitae
1062 2603 1124 2635 spe
1140 2593 1338 2626 dominandi
1349 2593 1557 2625 solabantur.
1581 2593 1669 2626 Sem-

963 2657 1060 2689 perne
1074 2647 1228 2689 vicissim]
1251 2647 1343 2681 Quia
1357 2655 1493 2688 semper
1509 2645 1670 2688 princeps

966 2698 1150 2730 mutandus
1166 2702 1254 2730 erat.

1010 2751 1073 2781 178
1097 2745 1267 2789 Exulibus]
1280 2747 1357 2780 Hoc
1381 2752 1486 2789 auget
1500 2747 1668 2780 miseriam
