1820 3068
214 185 330 228 1020
720 198 760 227 P.
794 197 987 229 PAPINH
1023 198 1188 231 srxru

216 292 280 334 Ut
296 293 499 347 primum,
520 292 757 348 dictusque
776 293 956 348 Thoas;
987 308 1068 349 per
1087 296 1194 347 tela,
1214 309 1464 352 manusque
1597 295 1683 339 720

213 361 455 412 lrruerunt,
477 364 746 417 matremque
764 362 909 404 avidis
930 364 1243 419 complexibus
1266 366 1396 408 ambo

219 429 445 483 Diripiunt
465 429 639 481 flentes,
661 431 920 484 alternaque
941 436 1122 486 pectora
1135 436 1317 476 mutant.

214 496 300 538 Illa
321 496 444 539 velut
462 510 596 550 rupes
611 497 796 539 immoto
812 511 958 541 saxea
975 498 1076 541 visu

214 564 387 614 Haeret,
410 569 456 614 et
474 566 676 619 expertis
695 578 782 606 non
804 566 942 607 audet
956 567 1133 610 credere
1153 568 1300 612 Divis.

212 631 279 674 Ut
299 645 403 674 vero
424 637 470 674 et
490 633 654 684 vultus,
673 638 716 675 et
734 635 861 688 signa
880 633 1030 689 Argoa
1051 636 1220 679 relictis
1592 636 1681 678 725

211 700 420 750 Ensibus,
442 705 577 755 atque
594 703 787 744 humeris
808 704 1037 745 amborum
1054 705 1255 748 intextus
1276 704 1437 755 Iason3

213 768 456 811 Cesserunt
473 769 635 821 luctus,
656 772 920 826 turbataque
941 785 1121 815 munere
1136 777 1258 816 tanto

215 836 404 887 Corruit,
425 842 558 892 atque
579 838 670 880 alio
692 839 957 882 maduerunt
977 839 1142 882 lumina
1164 840 1284 883 fletu.

216 903 388 946 Addita
407 905 533 959 signa
553 906 672 960 polo,
694 906 885 961 laetoque
904 908 1106 950 ululante
1127 909 1322 950 tumultu

214 971 464 1027 Tergaque,
486 978 530 1015 et
550 986 639 1015 aera
659 973 746 1015 Dei
766 978 910 1016 motas
931 988 1143 1029 crepuere
1164 989 1243 1031 per
1263 988 1409 1018 auras.
1598 977 1684 1020 730

213 1041 341 1083 Tunc
360 1043 462 1096 pius
484 1042 699 1093 OEclideS,
719 1047 766 1086 ut
785 1044 929 1098 prima
948 1043 1128 1088 silentia
1148 1045 1269 1100 vulgi

215 1179 260 1211 tis
279 1181 477 1220 pervenitad
490 1191 594 1213 eorum
609 1191 713 1220 aures,
729 1182 912 1223 irruperunt
934 1192 992 1224 per
1007 1183 1080 1224 tela,
1093 1186 1125 1214 et
1147 1192 1206 1224 per
1219 1184 1372 1221 catervas,
1398 1183 1429 1213 et
1454 1179 1541 1212 ambo
1560 1179 1684 1211 strictis

215 1223 411 1263 amplexibus
425 1228 556 1256 matrem
571 1226 699 1266 rapiunt
714 1226 748 1257 in
763 1227 889 1257 diversa
902 1226 1070 1266 plorantes,
1084 1229 1116 1257 et
1129 1226 1189 1257 sibi
1202 1226 1340 1257 vicissim
1355 1233 1390 1256 os
1402 1223 1489 1255 illius
1503 1223 1682 1254 concedunt.

218 1265 302 1296 Hoec
315 1267 402 1298 velut
416 1271 522 1299 cautes
537 1269 658 1309 lapidea
672 1269 790 1300 mansit
805 1268 892 1311 fitis
909 1268 1018 1308 oculis,
1034 1272 1065 1300 et
1079 1279 1141 1300 non
1153 1270 1248 1300 audet
1262 1267 1415 1310 confidere
1433 1266 1517 1305 Diis,
1531 1275 1606 1306 quos
1619 1269 1684 1296 tam

215 1310 390 1341 contrarios
403 1314 552 1342 senserat.
603 1312 650 1343 Ut
663 1321 735 1343 vero
751 1312 877 1353 aspexit
894 1311 999 1350 facies
1012 1321 1130 1351 eorum,
1152 1315 1182 1343 et
1197 1320 1308 1343 navem
1321 1311 1411 1350 Argo
1426 1309 1612 1349 insculptam
1633 1316 1685 1339 re-

215 1351 302 1382 lictis
325 1354 407 1393 apud
428 1363 462 1385 se
479 1354 611 1394 gladiis,
635 1358 667 1386 et
689 1355 818 1386 Jasonis
833 1365 943 1386 nomen
957 1355 1114 1386 intextum
1127 1363 1221 1394 super
1234 1354 1394 1385 amborum
1409 1353 1550 1383 humeros
1563 1351 1598 1382 in
1612 1361 1685 1382 acu-

213 1395 310 1435 piclis
323 1397 548 1438 chlamydibus,
562 1407 674 1428 moeror
689 1398 782 1437 abiit,
798 1401 829 1429 et
843 1400 994 1429 commota
1008 1400 1097 1428 tanto
1109 1397 1247 1429 Deorum
1262 1395 1419 1437 beneficio,
1433 1395 1570 1437 collapsa
1583 1397 1642 1433 est,
1652 1396 1683 1425 et

214 1439 296 1469 ocuti
311 1439 412 1478 rigati
435 1443 507 1471 sunt
532 1440 606 1471 aliis
620 1441 779 1482 lacrymis.
824 1440 926 1472 Facta
945 1443 1019 1472 sunt
1042 1443 1146 1471 autem
1167 1440 1286 1471 indicia
1301 1449 1317 1471 e
1331 1439 1420 1476 ezelo,
1438 1441 1471 1470 et
1486 1441 1633 1479 tympana
1647 1446 1685 1468 ac

214 1481 354 1521 cymbala
370 1482 436 1514 Dei
450 1485 633 1524 sonuerunt,
656 1487 814 1525 strepente
829 1483 927 1515 hilari
941 1483 1072 1524 crepitu,
1094 1493 1151 1524 per·
1174 1483 1333 1523 agitatum
1354 1481 1469 1514 aerem·
1510 1479 1596 1512 me
1610 1478 1684 1511 reli-

828 1568 1072 1581 OOO‘CO‘OOOOO

216 1634 325 1665 —.⁷·22
342 1633 351 1650 ¹
364 1633 491 1665 Melior
507 1634 679 1675 scriptura
693 1635 726 1666 in
744 1635 878 1677 optimo
890 1635 993 1675 libro,
1005 1635 1091 1667 licet
1101 1634 1211 1669 minus
1229 1643 1354 1665 sonora
1367 1643 1376 1665 ε
1387 1632 1504 1664 alterni
1514 1635 1544 1664 et
1556 1633 1684 1673 pectora

213 1675 362 1707 mutant.’
382 1677 567 1709 Barth—7
571 1681 611 1709 25
636 1679 751 1717 Arcea,
767 1679 822 1710 vel
842 1679 961 1719 Argea,
977 1679 1012 1709 in
1029 1678 1152 1710 eodem
1168 1677 1312 1716 codice;
1328 1675 1422 1708 unde
1437 1674 1617 1707 Bai-thius:
1633 1677 1684 1705 at-

213 1727 271 1758 que
285 1719 398 1759 agnita
411 1719 505 1760 signa
519 1721 761 1753 relictis.—72⁷
788 1722 829 1753 ln
855 1721 978 1753 eodem
1007 1721 1139 1763 optimo
1167 1719 1311 1753 codice:
1335 1718 1462 1750 „unane
1471 1718 1684 1750 tanta-4⁷28

181 1771 184 1774 ’
214 1761 312 1792 Unus
327 1760 452 1794 Behot.
474 1765 661 1795 maduerunt
686 1765 921 1796 lumina—731
948 1765 1044 1796 Unus
1061 1764 1188 1796 Behot.
1212 1763 1266 1795 ubi
1285 1762 1414 1804 prima5
1436 1761 1587 1802 optimus
1599 1760 1685 1791 Bar-

216 1804 351 1836 thianus
366 1815 375 1837 :
404 1806 492 1838 Tunc
515 1807 605 1847 prius
623 1807 764 1839 OEclides
779 1807 833 1849 (ut
847 1808 949 1849 prima
963 1817 990 1839 s.
1005 1818 1036 1839 v.
1052 1807 1103 1838 M.
1120 1807 1143 1838 i.
1159 1807 1193 1838 d.
1205 1816 1240 1847 p.
1256 1814 1394 1837 accessus
1408 1804 1450 1835 ad
1464 1812 1555 1835 aures
1564 1801 1594 1845 ;)
1617 1803 1683 1835 Pe-

215 1850 325 1880 trens.
341 1858 488 1881 accensus
500 1851 542 1881 ud
556 1859 662 1891 aures,
686 1850 806 1893 positis
822 1850 960 1892 punctis
975 1850 1037 1882 sub
1053 1850 1157 1883 litera
1172 1859 1191 1882 n
1199 1859 1212 1887 ;
1235 1849 1293 1892 qui
1316 1857 1389 1880 mos
1404 1851 1458 1880 est
1472 1847 1589 1878 literas
1604 1855 1683 1888 spu-

876 1935 1019 1968 NOTAE

256 2001 322 2031 722
344 1999 532 2042 Diripiunt]
555 2001 598 2033 In
615 2000 755 2033 diversa
770 2001 924 2043 rapiunt.
978 2001 1180 2042 impressam
1210 1998 1344 2040 capulis
1367 1996 1513 2033 ensium,
1542 2005 1628 2039 quos
1649 2005 1684 2029 a·

213 2049 405 2091 Alter-nuque
418 2054 546 2092 pectora
561 2051 702 2092 mutant]
726 2051 767 2083 Id
794 2055 860 2093 est,
877 2052 924 2083 al·

210 2101 373 2132 ternatim
389 2101 656 2142 amplectuntur.

256 2154 320 2184 724
348 2152 394 2183 Et
417 2153 558 2194 expertis
586 2163 648 2185 mm
674 2153 770 2185 audet
799 2154 924 2185 credere

213 2203 326 2244 Divis]
341 2203 385 2236 Id
402 2209 469 2244 est,
480 2205 534 2237 vei
546 2204 707 2246 fortunae,
720 2215 822 2248 quam
836 2216 923 2238 sem-

213 2265 278 2298 per
289 2256 464 2287 adversam
482 2260 629 2298 experta
642 2255 768 2294 fuerat,
787 2257 840 2288 vel
857 2256 923 2298 ipsi

214 2307 368 2347 Baccho,
408 2307 466 2350 qui
506 2316 575 2339 non
605 2306 672 2338 sibi
702 2307 924 2346 subvenerat,

213 2368 291 2390 enm
307 2367 327 2390 e
343 2358 473 2390 Lemno
502 2355 666 2399 profugit,
693 2362 730 2389 et
745 2367 765 2389 a
792 2357 923 2390 Piratis

214 2413 318 2450 capta
343 2412 410 2440 est.
455 2408 525 2439 Vel
541 2417 609 2439 non
626 2408 732 2440 audet
755 2408 924 2449 credere3

215 2461 298 2503 quia
311 2460 369 2492 diu
381 2459 559 2492 incredula
571 2463 651 2491 sunt
667 2459 800 2491 laetitiae
818 2463 922 2492 vota:

214 2512 315 2545 tarde
336 2511 429 2543 enim
440 2510 544 2542 fidem
560 2510 773 2551 adhibemus,
791 2521 868 2543 cum
882 2521 926 2544 ea

214 2562 391 2602 eveniunt,
407 2570 482 2603 quoe
494 2570 537 2593 ue
552 2560 690 2603 quidem
705 2570 845 2603 sperare
862 2572 922 2604 po-

216 2618 376 2644 teramus.

259 2665 323 2694 725
348 2663 394 2694 Et
437 2661 560 2703 vultus]
599 2662 736 2694 Similes
773 2662 923 2702 scilicet,

215 2713 305 2756 quod
322 2712 424 2744 fidem
435 2711 588 2745 faciebat
598 2722 657 2745 eos
671 2712 824 2755 geminos
837 2722 926 2746 esse.

216 2766 321 2806 Signa
347 2764 472 2806 Argoa]
505 2765 635 2796 Forsan
673 2774 796 2797 navem
827 2763 923 2805 Argo

978 2050 1049 2093 pud
1065 2060 1102 2082 se
1117 2050 1303 2092 reliquerat
1330 2048 1437 2082 Jason
1463 2046 1684 2089 proficiscens

978 2101 1022 2134 ad
1054 2101 1213 2133 Colchos.
1257 2099 1315 2132 Sic
1346 2103 1382 2131 et
1395 2098 1522 2140 AEgeus
1543 2098 1697 2138 agmovit>

977 2153 1151 2185 Theseum
1166 2151 1274 2184 filium
1297 2150 1341 2183 ad
1365 2159 1483 2183 ensem
1508 2158 1611 2192 quem
1625 2158 1684 2191 ge-

976 2203 1089 2236 rebat.

1021 2257 1085 2286 ⁷26
1118 2252 1287 2295 Humeris]
1322 2251 1366 2283 Id
1400 2254 1467 2292 est,
1495 2250 1684 2293 chlamydi-

977 2305 1040 2338 bus
1066 2314 1128 2337 acu
1142 2304 1245 2346 pictis
1257 2304 1414 2335 humeros
1429 2311 1547 2335 eorum
1563 2307 1683 2344 tegen-

977 2357 1082 2389 tibus.
1127 2355 1238 2396 Iason]
1263 2354 1398 2387 Nomen
1413 2354 1552 2388 Jasouis
1574 2354 1683 2395 patris

971 2407 1153 2449 juvenum.
1324 2433 1326 2436 .

1020 2461 1086 2490 728
1122 2457 1198 2489 Atio
1226 2455 1327 2499 fleta]
1372 2455 1503 2488 Gaudii
1535 2454 1683 2487 scilieet.

979 2509 1150 2541 Gaudium
1177 2508 1268 2540 enim
1292 2516 1370 2539 suas
1384 2507 1552 2548 lacrymas
1569 2505 1685 2537 hahet.

978 2559 1205 2601 Protreptico
1236 2558 1279 2590 ad
1303 2556 1521 2598 Crispinum:
1544 2554 1683 2588 ‘Quan-

978 2615 1014 2643 to
1031 2614 1210 2643 manarent
1227 2607 1354 2651 gaudia
1368 2604 1480 2643 fletu?

1021 2663 1086 2693 430
1110 2659 1192 2700 Dei]
1214 2657 1330 2691 Liberi
1346 2655 1475 2688 Patris.
1674 2676 1677 2681 .

1021 2713 1083 2744 431
1111 2708 1268 2749 OEclides]
1317 2705 1547 2748 Amphiaraus
1571 2703 1684 2738 OEelei

977 2760 1077 2795 filius.
1496 2785 1498 2788 ,
