1820 3068
237 244 351 286 1024
739 252 779 283 P.
813 252 871 283 ΡΑ
881 248 924 283 1⁵1
938 254 960 283 Ν
972 252 1008 283 ιι
1044 227 1209 284 ετἈίἿῑ

281 350 357 391 dut,
370 346 456 381 duos
469 348 558 380 ictus
588 347 633 380 ab
650 346 893 380 Alcidamante
918 348 1064 389 recipit;
1090 348 1180 380 unde
1196 349 1230 379 in
1246 347 1398 380 furorem
1415 356 1547 391 versus,
1563 350 1707 391 parabat

282 413 319 435 se
331 402 375 435 ad
390 407 497 444 caput
509 401 704 434 adversario
721 401 991 444 infringendum,
1008 402 1072 434 nisi
1088 403 1228 444 Tydeus
1244 407 1280 434 et
1293 402 1551 445 Hippomedon,
1565 403 1708 436 Adrasti

277 457 392 498 jussu,
404 456 650 495 accurrissent,
664 455 873 498 praemioque
885 456 934 487 illi
946 455 1075 496 oblato,
1089 461 1126 488 et
1137 456 1338 497 sanguinem
1351 465 1392 488 ac
1407 461 1552 489 mortem
1569 460 1709 490 commi-

283 510 401 543 litonis
431 509 673 551 deprecantes,
712 509 918 550 Spartanum
949 509 994 541 ab
1025 510 1099 551 ejus
1129 510 1286 541 manibus
1311 509 1531 551 eripuissent.
1576 510 1707 543 Postea

283 564 436 597 citantur
458 563 625 597 Athletae.
669 562 838 604 Agylleus
864 562 1028 596 Herculis
1044 563 1135 596 filius
1155 569 1190 596 et
1214 564 1357 606 Tydeus
1375 567 1549 596 certamen
1563 564 1707 606 suscipi-

285 622 360 650 unt.
404 617 645 650 Procerrimus
660 621 737 648 erat
762 615 942 658 Agylleus,
964 617 1106 659 Tydeus
1129 627 1210 649 vero
1226 617 1353 659 exiguo
1372 627 1529 659 corpore,
1543 618 1603 650 sed
1618 627 1709 654 snm-

284 672 348 705 mia
370 671 513 703 viribus.
558 671 628 703 Hic
653 670 904 711 apprehensum
922 680 984 711 per
998 671 1148 702 medium
1175 680 1300 712 corpus
1317 670 1500 713 Agyllenm
1512 681 1553 703 ac
1568 682 1711 714 suspen-

286 736 361 759 sum
381 725 475 758 humi
503 722 639 767 affligit,
663 729 700 756 et
726 724 777 755 sic
804 723 986 755 victoriam
1011 725 1245 766 consequitur.
1291 725 1400 757 Erant
1420 729 1456 757 et
1472 726 1531 768 qui
1547 726 1709 758 volebant

285 779 378 812 ferro
403 787 627 818 concurrere,
645 777 786 820 jamque
811 777 998 819 Polynices
1024 782 1062 809 et
1089 778 1225 819 Agreus
1257 778 1464 820 Epidaurius
1487 789 1586 812 enses
1611 779 1711 813 dimi-

287 833 397 866 caturi
411 833 650 872 strinxerant;
674 831 735 864 sed
757 831 930 873 prohibuit
953 831 1134 873 Adrastus,
1149 833 1289 874 ejusque
1308 833 1410 874 ,iussu
1426 833 1609 875 Polynices
1622 835 1712 867 The-

288 887 406 920 barum
436 885 752 918 victor-Proeconis
785 894 871 917 voce
900 886 1144 926 proclamatur.
1190 885 1362 918 Adrastus
1393 887 1468 928 ipse
1498 892 1649 930 rogatus,
1672 892 1713 920 nt

287 942 400 984 aliquo
415 941 556 973 virtutis
572 950 641 972 suae
657 939 844 981 specimine
861 939 959 971 ludos
977 939 1190 981 dignaretur,
1203 944 1240 971 et
1259 949 1456 981 supremum
1472 939 1564 973 hunc
1580 943 1711 974 tumulo

286 994 489 1028 Archemori
517 994 679 1025 honorem
712 993 869 1029 adderet,
901 993 1062 1034 sagittam
1093 993 1260 1025 contorsit
1283 993 1319 1025 in
1339 1003 1459 1026 ornum
1474 995 1620 1027 multum
1642 996 1711 1028 dis-

287 1054 431 1083 tantem.
476 1047 611 1090 Sagitta
631 1047 674 1079 ab
692 1056 775 1079 orno
800 1055 1002 1087 repercussa
1024 1045 1159 1087 eodem,
1180 1056 1248 1088 quo
1275 1045 1390 1079 fuerat
1409 1046 1543 1084 emissa,
1566 1048 1713 1091 impetu,

287 1114 397 1148 prope
427 1103 537 1145 ipsum
563 1101 670 1134 cadit.
715 1100 794 1132 Hoc
822 1098 1055 1141 portendebat
1083 1098 1272 1133 Adrastum
1295 1100 1402 1134 solum
1428 1110 1448 1133 e
1479 1100 1571 1134 bello
1594 1111 1711 1135 rever-

284 1168 410 1192 surum.

243 1343 477 1400 Nummi
499 1355 739 1409 multivago
761 1355 946 1396 Danaas
967 1354 1209 1409 perlabitur
1224 1355 1355 1397 urbes

245 1422 387 1469 Fama
404 1425 559 1480 gradu,
578 1423 748 1465 sancire
767 1436 885 1465 novo
906 1423 1110 1464 solennia
1130 1423 1259 1466 busto

289 1525 391 1557 Fama
413 1524 589 1557 errabundo
608 1533 721 1564 gressu
739 1523 886 1565 pervadit
909 1524 1041 1555 Graecas
1060 1523 1217 1566 civitates,
1235 1533 1371 1556 narrans
1386 1523 1522 1564 Argivos
1541 1520 1713 1554 decre-rim

859 1609 1104 1622 ΜΝΟΜΟ

288 1664 366 1697 Hoc
379 1663 634 1706 Argumentum
657 1663 878 1705 praemittunt
902 1673 989 1696 unns
1015 1663 1140 1696 Behot.
1167 1662 1234 1695 duo
1257 1662 1357 1695 codd.
1367 1661 1558 1702 Barthiani,
1572 1661 1715 1693 Venett.

243 1709 343 1740 Rom.
362 1707 593 1748 Liudeubrog.
609 1707 714 1740 Cruc.
726 1712 762 1738 et
778 1707 897 1739 Barth.

507 1751 552 1782 Ut
565 1760 644 1791 puer
654 1754 702 1781 est
717 1749 858 1789 functus,
880 1749 1034 1790 serpentis
1049 1750 1174 1781 vulnere
1187 1750 1292 1790 laesus,

509 1793 686 1825 [restituunt
701 1793 810 1825 Danai
822 1794 921 1832 ludos,
936 1793 1109 1824 hortamine
1123 1794 1218 1824 vatis.

509 1836 606 1867 Fama
620 1839 705 1867 vocat
721 1839 856 1875 cunctos,
869 1836 957 1867 arvis
969 1845 1006 1867 ac
1020 1835 1168 1867 moem'bus
1182 1837 1309 1868 adsunt.

505 1879 640 1910 Primus
650 1879 744 1910 sudor
757 1880 845 1919 equis
859 1879 943 1910 venit
956 1878 1125 1910 certamine
1139 1880 1250 1919 campi.

503 1921 630 1953 Extitit
645 1922 702 1953 hoc
720 1922 843 1953 Dorion
859 1922 969 1961 victor,
982 1921 1135 1962 Polynice
1150 1923 1289 1952 cudente.

503 1964 678 1996 Proximus
690 1965 850 1996 OEclides:
872 1966 927 1996 sed
942 1964 1052 1995 sumsit
1063 1965 1194 2005 praemia
1210 1964 1323 1995 laudis.

503 2007 633 2048 Decipit
639 2017 676 2038 ur
688 2017 780 2038 cursu
793 2016 872 2048 puer
886 2007 989 2038 Areas
1001 2018 1012 2038 .-
1031 2009 1138 2048 postea
1152 2007 1253 2038 victor

505 2049 723 2091 Hippomedon
736 2050 822 2081 disco
833 2051 983 2081 laudatur
995 2049 1034 2080 ab
1055 2050 1180 2089 agmine
1185 2049 1285 2088 jacto.

509 2093 571 2124 Vix
584 2093 711 2134 rapitur
726 2092 831 2124 Lacon
849 2092 989 2134 Capanei
999 2093 1144 2124 coestibus
1157 2093 1242 2124 attis.

505 2136 630 2177 Tydeus
639 2136 791 2176 Agileum
803 2136 962 2177 superat-it
974 2145 1073 2175 agone
1082 2136 1254 2176 paloestra’.

501 2177 572 2210 Lex
584 2178 729 2219 prohibet
742 2179 828 2210 binos
843 2180 925 2210 nudo
939 2188 1122 2210 concurrere
1137 2178 1241 2217 ferro.

504 2221 717 2262 Ipsijactanti
730 2225 847 2253 remeat
861 2221 988 2261 jactata
1008 2222 1143 2261 sagitta.

244 2276 357 2307 Versu
383 2278 415 2306 1.
439 2275 564 2307 Beliot.
579 2274 706 2306 habet:
730 2284 855 2315 serpens
869 2275 1134 2316 quoquevulnere.
1179 2274 1249 2306 Pro
1277 2275 1368 2305 loesus
1389 2275 1475 2304 nnus
1507 2271 1715 2304 Bartliianus

245 2329 355 2358 cresus,
372 2318 426 2349 vel
444 2328 565 2350 vassus.
610 2318 671 2349 Vs.
681 2321 714 2350 4.
742 2318 862 2349 Behot.
888 2318 976 2349 venit
996 2318 1030 2349 in
1045 2317 1226 2349 certamine.
1272 2317 1376 2348 Vs.5.
1398 2315 1529 2348 Scribit
1551 2315 1713 2347 Barthius

246 2371 290 2393 ex
307 2361 410 2393 codd.
438 2361 510 2393 ita:
538 2361 661 2392 Extitie
686 2360 736 2392 hic
764 2370 837 2392 casu
856 2360 1024 2402 Polynicis
1045 2360 1145 2392 victor
1168 2360 1289 2392 Arion:
1313 2359 1440 2391 Behot.
1466 2358 1570 2390 habet
1594 2358 1713 2398 etiam,

245 2405 358 2437 Arion.
402 2404 461 2436 Vs.
476 2407 508 2436 6.
529 2404 703 2435 Proximus
719 2404 855 2435 Eonides
882 2404 1008 2435 Behot.
1020 2404 1204 2444 pra-sumsit
1227 2402 1358 2444 proemia
1386 2411 1470 2433 uuus
1496 2402 1712 2434 Barthianns.

246 2448 308 2479 Vs.
325 2451 357 2479 7.
378 2446 501 2479 Behot.
524 2457 616 2478 cursu
641 2450 689 2478 est
717 2457 806 2488 puer.
852 2447 912 2477 Vs.
927 2449 960 2478 9.
988 2446 1129 2487 Capanei
1142 2456 1162 2478 a
1176 2446 1309 2478 cestibus
1321 2445 1384 2478 aui
1399 2454 1486 2476 unus
1501 2444 1623 2476 Barth.
1643 2444 1711 2475 aua

246 2490 373 2522 Behot.
417 2491 478 2522 Vs.
496 2492 548 2521 10.
584 2490 656 2520 Rex
675 2489 818 2530 prohibet
846 2489 957 2521 codex
990 2489 1137 2522 Barthii.
1180 2490 1239 2521 Vs.
1258 2491 1309 2521 12.
1346 2487 1450 2528 Regis
1475 2486 1636 2519 Adrastaei
1663 2495 1712 2518 re-

241 2537 328 2579 meat
351 2534 440 2565 alter
460 2532 583 2565 Barth.
628 2531 834 2573 Argumenti
849 2533 926 2564 loco
941 2532 976 2564 in
991 2532 1130 2574 optimis
1146 2532 1280 2564 Barthii
1295 2530 1502 2564 membranis
1517 2530 1643 2571 legitur
1657 2528 1712 2560 hic

245 2586 387 2608 versus:
1451 2598 1454 2600 -

504 2618 622 2650 Sextus
632 2621 664 2650 et
676 2618 843 2650 Achenum·
856 2618 944 2650 ludos
957 2628 994 2650 ac
1008 2618 1129 2657 funera
1142 2618 1242 2650 ducit.

911 2699 944 2731 N
948 2698 1050 2731 0¹1*AE

293 2766 310 2795 1
344 2763 491 2805 Danaas]
526 2763 672 2806 Argivas
704 2763 905 2802 Graecasve‚
933 2774 954 2796 a
1009 2773 1114 2795 annos
1132 2762 1299 2804 regnavit.

248 2815 374 2848 Danao
400 2814 459 2857 qui
491 2813 592 2856 Argis
615 2824 679 2857 per
701 2815 953 2857 quinquaginta
1050 2817 1070 2846 2
1095 2813 1186 2847 Novo
1198 2811 1302 2854 busto]
1320 2810 1520 2845 Archemori
1533 2810 1676 2845 scilieet.
