1820 3068
186 219 274 263 712

690 229 730 259 P.
763 229 909 260 PAPIN
918 229 931 260 1
940 230 956 260 1
987 229 1156 262 STA'rn

188 325 404 369 Incubuit
424 325 599 367 stratis:
623 324 831 380 jugulum
851 339 959 368 mox
981 326 1106 369 caede
1127 330 1351 382 patentem

190 395 363 445 Nudat,
385 398 428 435 et
448 393 638 434 undanti
659 394 885 450 perfundit
907 395 1086 436 vulnere
1103 408 1321 437 somnum.

188 463 265 505 Illi
285 467 417 517 rupta
438 463 579 517 quies,
599 462 766 504 attollit
784 463 997 512 membra,
1019 466 1204 518 toroque

1575 464 1665 517 125

189 531 382 585 Erigitur
403 530 560 584 plenus
579 531 807 581 monstriS,
827 543 1081 586 vanumque
1102 544 1302 574 cruorem

190 599 455 649 Excutiens,
477 598 609 639 simul
622 597 771 641 horret
788 606 940 650 avum,
955 586 1230 655 'fratremque
1248 601 1445 656 requi-rit.

192 666 356 718 Qualis
376 667 455 708 ubi
476 666 628 709 audito
647 672 890 710 venantum
911 681 1129 710 murmure
1147 668 1273 723 tigris

192 735 386 778 Horruit
405 735 449 777 in
469 735 689 787 maculaS,
713 749 984 791 somnosque
1003 737 1208 779 excussit
1225 737 1385 780 inertes
1401 751 1413 791 ;

191 803 321 846 Bella
337 804 476 858 cupit,
496 803 708 858 laxatque
729 817 882 857 genas,
904 809 950 846 et
971 808 1184 859 temperat
1202 818 1396 859 ungues3

1578 805 1669 848 130

192 872 311 914 Mox
330 873 422 913 ruit
441 873 484 913 in
505 873 909 927 turmas‚*natisque
931 873 1146 915 alimenta
1166 874 1360 917 cruentis

194 941 449 996 Spirantem
468 940 552 981 sert
566 953 642 982 ore
663 941 835 983 virum:
866 942 933 984 sic
956 943 1132 984 excitus
1152 942 1219 984 ira

195 1008 369 1051 Ductor
389 1009 433 1050 in
453 1009 683 1050 absentem
707 1010 931 1051 consumit
947 1010 1109 1064 praelia
1123 1010 1316 1052 fratrem.

194 1077 254 1120 Et
266 1076 364 1132 J'am
384 1076 644 1133 Mygdoniis
665 1078 783 1120 elata
802 1078 1029 1122 cubilibus
1051 1079 1142 1122 alto

195 1216 338 1253 apertum
361 1213 449 1245 letali
474 1214 613 1254 vulnere,
637 1217 670 1245 et
692 1213 863 1254 conspersit
888 1223 1029 1245 somnum
1053 1213 1119 1254 ejus
1144 1214 1241 1246 multo
1264 1214 1448 1255 sanguine.
1473 1213 1530 1246 Illi
1545 1213 1670 1246 Eteocli

195 1265 341 1288 excussus
354 1267 444 1298 sopor
451 1256 520 1295 fuit
532 1268 545 1294 ;
568 1261 657 1288 artus
671 1256 781 1296 erigit,
804 1260 835 1287 et
851 1257 990 1296 assurgit
1011 1257 1045 1288 in
1071 1259 1149 1289 lecto
1172 1258 1281 1298 plenus
1301 1257 1488 1297 terroribus,
1509 1257 1671 1289 excutiens

187 1299 308 1337 salsum
330 1300 533 1340 sanguinem.-
555 1310 620 1331 una
642 1310 734 1331 avum
757 1303 936 1338 execratur,
960 1303 991 1331 et
1008 1299 1150 1338 fratrem
1175 1301 1307 1341 expetit.
1351 1299 1407 1332 Sic
1420 1300 1474 1331 ubi
1488 1300 1596 1340 tigris,
1618 1309 1670 1331 ac-

196 1345 284 1382 cepto
297 1343 432 1375 clamore
446 1346 639 1383 tenatorum,
662 1343 791 1384 expavit
807 1344 847 1374 ad
861 1343 962 1374 visum
975 1344 1152 1384 plagarum,
1176 1346 1207 1374 et
1221 1342 1346 1384 abr-pit
1360 1343 1499 1375 desidem
1512 1350 1648 1384 soporem
1659 1351 1673 1379 ,·

196 1388 286 1425 optat
298 1386 451 1426 praelium,
473 1389 504 1418 et
525 1386 619 1418 solvit
642 1387 752 1426 malas,
773 1390 804 1417 et
825 1396 944 1426 ungues
965 1387 1072 1418 acuit:
1095 1385 1207 1418 deinde
1230 1386 1380 1427 irrumpit
1404 1386 1439 1418 in
1463 1387 1616 1422 catervae,
1638 1386 1672 1416 et

194 1431 301 1468 portat
314 1429 350 1460 iu
361 1429 514 1467 saucibus
527 1430 634 1461 vivum
648 1429 814 1469 hominem,
837 1439 937 1460 escam
949 1429 1126 1461 crudelibus
1139 1429 1254 1461 catulis
1264 1440 1275 1460 .·
1295 1429 1344 1461 sic
1363 1429 1509 1471 princeps
1523 1427 1676 1470 effer-atu

122 1490 127 1506 ι
195 1471 299 1513 rabie,
316 1473 443 1514 peragit
454 1482 595 1514 pugnam
608 1474 756 1504 adversus
763 1471 904 1511 fratrem
918 1471 1084 1505 absenem.
1120 1472 1168 1504 Et
1181 1472 1252 1512 ,iam
1265 1473 1402 1511 Aurora,
1417 1481 1547 1513 ειη-ἔειπε
1561 1481 1578 1504 e
1592 1472 1672 1504 lecto

815 1558 1057 1572 eeeeeeeeeee

199 1624 349 1656 ιιι.“412.
365 1626 402 1655 et
416 1625 604 1656 567.-124
626 1623 748 1656 Behot.
768 1625 912 1665 perfudit
935 1624 1091 1665 sanguine
1104 1634 1253 1656 sanonum.
1274 1626 1285 1644 ‘
1301 1624 1425 1657 vulnere
1445 1634 1508 1666 pro
1522 1623 1676 1665 sanguiue

199 1665 339 1707 posuit!
354 1666 460 1698 Schol.
475 1666 574 1699 Alius
597 1667 820 1708 Scholiastes,
836 1669 886 1700 uti
903 1672 939 1700 et
955 1678 1066 1708 marg.
1082 1668 1158 1700 cod.
1173 1668 1294 1700 Burm.
1308 1667 1462 1708 sanguine
1481 1671 1612 1700 tuetur.
1628 1667 1674 1699 P.

200 1709 420 1742 Burmannus
446 1710 489 1741 ad
506 1710 584 1742 Vai.
605 1710 700 1742 Flac.
724 1715 875 1742 nostram
901 1711 1086 1743 lectionem
1109 1710 1368 1743 stabilit—125
1391 1711 1451 1743 1111·
1474 1714 1569 1752 rapta
1590 1709 1677 1751 quien

199 1752 269 1794 legi
289 1752 395 1794 jussit
424 1753 747 1785 Remmium—131
787 1753 948 1795 Optimus
976 1754 1109 1786 Barthii
1136 1754 1258 1791 codex,
1283 1757 1432 1792 cruent03
1468 1754 1528 1786 alii
1557 1761 1675 1785 omnes

868 1860 1011 1894 NOTAE

246 1941 309 1970 123
343 1938 497 1977 Jugulum
520 1946 593 1968 mox
618 1937 701 1968 coede
733 1936 912 1978 putentem]

202 1990 380 2031 Superiori
397 1989 456 2021 lib.
474 1998 521 2022 vs.
538 1992 592 2021 65.
637 1989 648 2006 ‘
660 1988 832 2030 Secuique
844 1988 911 2020 tre-

204 2042 328 2073 mentis
354 2040 428 2072 Ora
455 2039 570 2072 senis?
616 2038 726 2080 Caede]
748 2038 914 2076 Vulnere,

151 2112 157 2117 -
203 2091 398 2134 quocaedes
413 2094 630 2132 perpetrata.

248 2145 312 2174 124
336 2141 510 2181 Perfundit
522 2142 649 2173 vulnere
663 2139 818 2181 somnum]
839 2139 916 2172 Vul-

203 2203 290 2234 nere,
318 2203 383 2236 pro
403 2193 570 2236 sanguine
586 2203 606 2225 e
624 2193 766 2225 vulnere
787 2190 915 2234 proflu-

205 2250 299 2277 ente.
344 2246 426 2277 Non
451 2244 606 2287 perfudit
652 2253 818 2285 somnum,
853 2242 914 2275 sed

206 2296 385 2328 Eteoclem
402 2295 640 2327 dormientem.

249 2350 313 2380 126
331 2346 504 2387 Monstris]
518 2345 735 2378 Terroribus.
779 2345 917 2378 Vanum-

206 2409 264 2441 que
276 2398 432 2439 cruorem]
455 2399 499 2430 Se
524 2396 703 2440 perfusum
726 2397 815 2429 enim
840 2405 917 2429 san-

206 2451 309 2492 guine
322 2460 409 2482 vane
425 2449 636 2482 crediderat.

251 2505 315 2534 127
350 2502 559 2542 Fratremque
586 2499 736 2542 requirit]
768 2499 818 2531 Ut
846 2499 917 2531 vin-

207 2555 334 2586 dictam
352 2557 463 2586 sumat
479 2552 523 2584 de
539 2562 593 2584 eo.

253 2608 316 2637 129
340 2605 380 2637 In
404 2603 555 2644 maculas]
591 2603 745 2635 Cruceus
772 2601 861 2642 legit
880 2602 915 2634 in

207 2657 350 2697 maculis,
373 2661 410 2687 et
436 2655 521 2687 dicit
540 2654 726 2696 Papinium
741 2662 837 2685 more
852 2662 915 2684 suo

209 2707 403 2748 respexisse
434 2706 478 2738 ad
505 2705 590 2738 inud
615 2706 732 2747 magni
761 2703 918 2746 magistri

966 1938 1105 1978 legatur
1135 1940 1146 1955 ¹
1152 1935 1300 1978 jaculis!
1343 1935 1483 1968 Μαι-αἶα
1497 1935 1588 1967 enim
1608 1943 1676 1968 non

966 1989 1035 2028 hic,
1067 1986 1188 2030 quibus
1220 1986 1318 2028 tigris
1356 1988 1526 2020 variat-um
1553 1996 1676 2029 corpus

967 2038 1098 2070 habet:
1122 2038 1183 2069 sed
1209 2037 1438 2080 intelligenda
1452 2038 1552 2079 retia,
1566 2038 1619 2070 uti
1641 2042 1679 2070 et

967 2091 1081 2123 Varro
1100 2090 1164 2124 lib.
1177 2099 1219 2122 n.
1265 2092 1275 2109 ‘
1294 2091 1439 2132 Septum
1455 2095 1565 2124 totum
1579 2099 1679 2132 grau-

970 2141 1072 2174 dibus
1089 2141 1233 2181 maculis
1251 2141 1394 2183 tegitur,
1408 2150 1453 2172 ne
1468 2150 1510 2173 eo
1526 2140 1680 2172 involare

969 2193 1084 2235 aquila
1115 2193 1236 2235 possit,
1262 2201 1351 2224 neve
1389 2201 1432 2223 ex
1471 2200 1512 2222 eo
1538 2191 1679 2223 evolare

969 2243 1078 2275 aves!
1121 2242 1194 2275 Aut
1210 2247 1308 2275 certe
1324 2241 1492 2273 foramina
1508 2241 1606 2280 retis,
1627 2241 1681 2273 uti

972 2295 1114 2337 accepit
1140 2295 1264 2328 Cicero
1284 2294 1433 2326 Verrina
1446 2302 1516 2326 vn.
1561 2297 1571 2311 ¹
1584 2293 1680 2325 Reti-

972 2347 1157 2388 culumqne
1173 2345 1216 2377 ad
1239 2354 1341 2376 nares
1368 2343 1434 2376 sibi
1460 2342 1679 2384 admovebat,

974 2396 1173 2429 tenuissimo
1184 2396 1270 2435 lino,
1285 2395 1426 2426 minutis
1443 2394 1595 2430 maculis,
1608 2394 1681 2435 ple-

974 2457 1054 2479 num
1067 2446 1176 2479 rosae.’
1219 2445 1307 2477 Inde
1324 2444 1462 2478 Gallica
1474 2453 1539 2476 vox
1554 2443 1682 2476 Muille.

1017 2500 1079 2529 133
1105 2496 1247 2536 Ductor]
1271 2495 1442 2527 Eteocle&
1472 2493 1513 2526 In
1523 2494 1680 2526 absentem

970 2548 1125 2580 consumit
1161 2548 1274 2589 praelia
1305 2544 1462 2586 fratrem]
1525 2544 1682 2577 Imitatio

970 2598 1164 2640 virgiliana
1188 2598 1263 2630 AEn.
1295 2605 1362 2630 vn.
1417 2597 1428 2614 ⁴
1446 2597 1493 2629 Et
1522 2605 1583 2638 spe
1603 2596 1680 2638 jam

970 2649 1128 2691 praeripit
1143 2647 1301 2680 hostem!

1015 2703 1079 2732 134
1103 2698 1307 2741 Mygdoniis]
1339 2697 1381 2730 Id
1413 2701 1478 2736 est,
1507 2699 1683 2741 Phrygiis.

209 2759 287 2792 AEn.
306 2768 339 2790 v.
364 2759 373 2774 ‘
390 2757 561 2794 Horridus
573 2757 607 2788 in
618 2756 761 2789 maculis
775 2759 811 2787 et
828 2755 921 2796 pelle
974 2750 1166 2793 Mygdonia
1182 2749 1273 2781 enim
1300 2753 1374 2781 erat
1399 2749 1495 2791 regio
1510 2749 1699 2797 Phrygiaq-

211 2809 407 2851 Libystidis
435 2807 555 2840 ursaez’
587 2807 724 2840 tametsi
748 2807 847 2849 vulgo
872 2806 920 2839 ibi
974 2803 1023 2835 sie
1038 2804 1162 2834 vocata
1177 2808 1196 2832 a
1211 2799 1447 2841 Mygdonibus
1463 2801 1684 2835 Macedoniae
