1820 3068
220 163 306 214 638

221 278 413 321 Sicanos
426 278 557 333 longe
574 278 776 332 relegens
796 278 1002 333 Alpheus
1022 292 1212 324 amores.

219 348 423 391 Arcades
437 349 510 390 hic
531 354 607 389 tua
626 347 729 404 (nec
746 348 889 403 pudor
908 354 981 390 est
998 346 1042 403 Ἰ)
1061 349 1245 392 delubra
1263 350 1450 393 nefastis

220 417 477 472 Imposuere
499 417 639 459 locis:
669 417 763 458 illic
781 416 1031 459 Mavortius
1053 418 1154 459 axis

715 181 756 213 P.
790 180 981 213 PAPINH
1014 182 1189 215 STA'ru·

220 536 293 568 Illic
305 535 445 568 Arcades
459 538 682 568 exstruxerunt
696 534 756 568 tibi
770 535 842 578 (nec
865 538 897 567 te
919 536 1016 576 pudet
1026 534 1054 579 ?)
1076 538 1222 579 templum
1244 538 1279 570 iu
1292 538 1426 577 nefariis
1440 539 1534 586 ἰθείας
1555 538 1621 571 illic
1632 542 1680 571 est

216 689 422 720 unda—272
444 686 582 729 Alpheos
607 686 711 720 Aldd.
733 687 991 730 ColimGrypli.
1018 689 1124 720 Basil.
1151 689 1270 722 Plant.
1295 689 1436 722 Gevart.
1453 694 1592 723 ceterae.
1621 689 1680 722 Al-

213 732 311 773 pheus
326 732 447 764 Behot.
465 737 501 762 ct
516 731 782 763 Peneum—273
807 731 846 763 In
859 733 989 773 optimo
1006 732 1138 764 Barthii
1154 733 1293 764 codice:
1316 733 1457 765 Arcades
1476 733 1527 764 hic
1541 736 1596 765 hm
1607 731 1680 775 (nec

214 776 318 816 pudor
340 775 405 816 est)
429 774 555 806 delubra
579 774 723 814 nefandis
732 785 746 812 ‚·
773 775 893 807 Behot.
915 775 1076 807 Petu-ens.
1105 775 1256 816 Lipsian.
1282 776 1384 808 Laur.
1415 776 1548 808 Buslid.
1573 776 1679 816 Lang-

215 818 307 850 Dau.
322 818 447 850 Petav.
466 819 534 856 alii,
565 827 640 849 cum
654 818 798 850 Venett.
815 820 846 849 3.
862 822 894 850 4.
910 817 1051 850 Arcades
1072 818 1123 849 hic
1149 821 1225 856 ἠως
1246 818 1347 850 Aldd.
1363 819 1473 852 Coliu.
1489 819 1620 861 Gryph.
1641 824 1681 851 et

217 861 325 893 Basil.
348 861 491 893 Arcades
515 860 549 892 1ιί
570 863 637 893 tua.
691 861 850 892 Correxit
874 871 916 892 ex
939 862 1080 903 scriptis
1105 862 1432 894 Bernartius—274
1455 863 1619 894 Barthius
1642 862 1678 893 in

216 905 358 947 scriptis
373 904 505 938 invenit
518 903 557 936 τὸ
574 904 755 938 Mavortius
779 904 816 936 in
831 904 916 936 duas
941 914 1044 937 voces
1069 904 1262 946 discissum,
1285 905 1336 938 ita
1357 910 1396 938 ut
1409 906 1489 938 male
1512 905 1680 947 scriptum

875 979 1017 1013 NOTAE
1294 999 1314 1017 ,

213 1062 256 1094 da
270 1062 403 1095 Sicanos
411 1064 504 1103 longe
516 1063 658 1101 relegens
670 1061 809 1103 Alpheus
823 1059 920 1092 Amo-
974 1061 1117 1102 pounesi
1134 1060 1314 1102 pervenire
1326 1061 1453 1094 dicitur
1467 1060 1512 1094 ad
1528 1061 1678 1095 Arethu-

213 1113 281 1155 ηε]
304 1114 464 1154 Meminit
479 1113 535 1145 hic
558 1112 683 1155 Alphei
699 1111 825 1152 Po'e'ta,
840 1112 920 1154 quia

214 1162 370 1206 Alpheus
389 1163 513 1206 fluvius
532 1164 632 1196 Pisas
656 1163 767 1204 alluit,
789 1167 825 1195 et
838 1163 920 1205 quia

213 1213 250 1245 iu
276 1224 317 1247 eo
334 1215 421 1247 Elaei
442 1215 575 1247 cineres
598 1214 844 1247 sacrificiorum
860 1213 918 1246 ab—

211 1265 366 1307 luebant,
389 1266 509 1307 hisque
534 1270 656 1308 postea
676 1265 774 1299 Jovis
796 1265 916 1308 Olym·

213 1316 283 1358 pici
296 1316 525 1358 simulacrum,
542 1316 631 1359 quod
647 1321 723 1348 erat
738 1325 823 1358 opus
834 1315 916 1348 Phi-

213 1367 295 1407 dim,
311 1367 504 1400 illinebant.
526 1367 615 1399 Vide
628 1367 835 1399 Pausaniam
847 1367 916 1408 pri-

212 1427 271 1450 ore
281 1418 490 1450 Eliacorum.
514 1417 583 1449 Hic
595 1422 710 1450 autem
720 1416 842 1449 fluvius
855 1426 917 1458 per

213 1468 456 1500 subterraneos
468 1473 602 1500 meatus
618 1468 773 1500 creditur
795 1477 917 1509 perve-

211 1519 286 1552 nire
295 1519 330 1551 in
338 1519 491 1552 Siciliam
507 1529 571 1560 per
579 1519 727 1551 medium
735 1528 842 1560 mare,
856 1528 917 1560 pu-

211 1579 338 1612 rasque
353 1580 561 1603 conservare
585 1580 704 1613 aquas,
723 1579 764 1602 ac
781 1569 918 1602 misceri

213 1621 354 1653 tandem
376 1620 557 1653 Arethusae
572 1621 673 1662 fonti,
688 1621 787 1663 cujus
803 1629 917 1654 amore

211 1678 334 1714 captus
345 1681 422 1703 esse
437 1672 575 1704 dicitur.
591 1672 717 1704 Noster
741 1671 917 1712 Epithala-

212 1722 281 1754 mio
296 1722 431 1754 Stellae:
454 1723 635 1754 ‘Tumidae
662 1722 712 1754 sic
737 1721 918 1764 transfuga

211 1772 306 1804 Pisae
321 1772 456 1814 Amnis,
471 1773 506 1804 in
524 1778 686 1805 externos
708 1772 808 1814 longe
822 1770 918 1804 flam-

211 1828 324 1856 matus
339 1834 484 1865 amores,
499 1825 656 1857 Flumina
674 1823 832 1856 demerso
849 1828 917 1855 tra-

209 1874 476 1908 hitintemerata
492 1876 614 1916 canali,
630 1877 751 1908 Donec
760 1875 916 1908 Sicanios

211 1926 350 1959 tandem
377 1928 531 1969 prolatus
561 1927 683 1959 anhelo
714 1926 787 1958 Ore
816 1925 916 1958 bibat

209 1975 341 2010 fontes:
367 1978 510 2010 miratur
531 1977 645 2010 dulcia
672 1978 757 2010 Nais
774 1976 917 2018 Oscula,

209 2038 275 2061 nec
290 2028 404 2060 credit
428 2029 551 2070 pelago
574 2028 708 2060 venisse
733 2027 917 2061 maritum!

210 2080 339 2113 Locum
360 2080 482 2112 huicce
505 2080 553 2112 rei
576 2080 687 2121 dedit,
711 2079 802 2122 quod
818 2079 915 2121 jacta

208 2129 245 2162 in
264 2129 447 2172 Alpheum,
474 2130 536 2162 sub
559 2130 663 2162 imum
690 2139 784 2161 mare
810 2139 914 2171 pene-

209 2185 374 2223 trantem,
387 2181 421 2213 in
435 2182 609 2214 Arethusa
624 2181 720 2214 fonte
733 2191 840 2223 prope
850 2182 912 2223 Sy-

208 2240 348 2263 racusas
363 2231 564 2264 redduntur.
586 2232 646 2264 Ita
660 2231 808 2269 Plinius,
824 2232 912 2264 Pau-

210 2281 324 2314 sanias
342 2282 456 2323 priore
472 2282 681 2322 Eliacorum,
703 2281 808 2323 Hugo
833 2282 912 2314 Fal·

208 2330 338 2364 candus
367 2331 399 2363 in
430 2331 574 2364 historia
609 2332 739 2373 Sicula,
761 2332 914 2365 Nicanor

209 2382 253 2415 de
267 2381 475 2415 fluminibus.
518 2382 646 2415 strabo
670 2387 785 2415 tamen
803 2384 912 2416 recla-

208 2437 293 2474 mat,
308 2432 411 2476 idque
426 2432 618 2466 fabulosum
635 2432 791 2467 affirmat.
819 2435 912 2468 Fluc-

206 2483 331 2526 tivuga]
364 2483 436 2516 Sub
463 2484 568 2516 imum
588 2484 677 2516 enim
694 2494 786 2517 mare
808 2495 913 2526 peue-

210 2538 304 2565 trare
329 2534 455 2567 dicitur
471 2534 635 2579 Alpheus.
679 2535 808 2569 Sicanos
827 2547 912 2568 amo-

207 2583 274 2625 res]
297 2584 504 2618 Arethusam
521 2586 652 2619 fontem
665 2586 804 2627 Siciliae,
814 2588 911 2629 cujus

209 2644 325 2666 amore
341 2640 464 2677 captus
484 2636 639 2669 creditur
661 2636 833 2680 Alpheus:
858 2637 910 2670 Si-

208 2685 290 2717 cilia
302 2686 390 2717 enim
408 2687 502 2728 prius
517 2688 655 2720 Sicania
672 2694 805 2722 vocata.
826 2689 911 2722 Lon-

206 2735 264 2777 ge]
288 2736 392 2778 Quia,
414 2746 457 2768 ex
484 2737 582 2769 Elide
601 2739 778 2780 provincia
808 2740 911 2773 Pelo-

973 1120 1046 1143 sam
1070 1110 1201 1144 fontem
1217 1112 1251 1143 in
1275 1112 1407 1154 Sicilia,
1421 1112 1511 1144 inter
1525 1122 1626 1155 quam
1641 1118 1678 1146 et

972 1162 1106 1195 Elidem
1124 1163 1245 1205 longus
1258 1167 1392 1196 tractus
1404 1164 1506 1196 maris
1521 1164 1610 1197 Ionii
1626 1165 1677 1198 in·

970 1214 1133 1247 tercedit.

1013 1268 1077 1297 273
1101 1267 1241 1298 Arcades
1263 1265 1314 1298 hic
1328 1258 1534 1299 tua'Uelubra
1546 1266 1679 1305 nefastis

971 1315 1149 1357 Imposuere
1170 1316 1261 1358 locis]
1286 1316 1365 1349 Non
1393 1322 1506 1349 tamen
1522 1315 1678 1350 Arcades

970 1366 1132 1399 dicarunt
1158 1367 1323 1409 templum
1345 1367 1408 1400 hoc
1432 1366 1527 1408 Jovi,
1543 1366 1606 1399 sed
1631 1367 1677 1400 E-

971 1417 1040 1459 laei,
1055 1423 1095 1449 ut
1111 1418 1219 1450 tradit
1230 1418 1419 1450 Pausanias
1432 1418 1542 1450 Eliac.
1560 1427 1584 1450 r.
1609 1418 1678 1450 Ve-

971 1477 1046 1499 rum
1061 1468 1198 1500 finitimi
1214 1474 1314 1501 eraut
1329 1468 1500 1509 Arcades,
1515 1468 1676 1511 Diagone

971 1517 1076 1551 fluvio
1089 1529 1108 1552 a
1120 1519 1268 1552 Meridie
1281 1519 1314 1551 in
1330 1518 1501 1562 Alpheum
1511 1518 1677 1552 influente

971 1574 1093 1602 contra
1109 1571 1363 1612 Lymuauthum
1379 1574 1547 1611 montem,
1571 1570 1675 1603 Pisae-

972 1631 1026 1653 um
1037 1631 1155 1663 agrum
1173 1621 1216 1654 ab
1231 1621 1381 1654 Arcadia
1392 1621 1582 1654 dividente.
1628 1622 1676 1654 Et

970 1672 1035 1704 hoc
1050 1672 1189 1704 licentia
1206 1672 1323 1705 Poetis
1332 1671 1504 1712 familiari,
1521 1671 1676 1703 sumendi

970 1731 1075 1753 unum
1092 1723 1258 1764 populum
1275 1730 1336 1763 pro
1351 1722 1470 1754 altero.
1515 1722 1560 1754 Et
1585 1721 1675 1754 forte

972 1773 1037 1805 hoc
1052 1772 1138 1813 dicit
1156 1772 1283 1813 Poeta,
1296 1773 1375 1815 quia
1391 1772 1548 1806 Arcades
1572 1773 1676 1805 etiam

971 1824 1095 1866 ejectis
1112 1824 1215 1857 Elaeis
1241 1825 1484 1857 auctoritatem
1507 1824 1606 1862 ludos
1626 1825 1675 1858 O·

968 1876 1135 1918 lympicos
1147 1875 1346 1908 celebrandi
1362 1875 1428 1908 sibi
1443 1874 1674 1917 vindicarunt,

969 1931 1009 1959 ut
1024 1926 1140 1959 videre
1156 1932 1210 1960 est
1234 1926 1324 1968 apud
1341 1927 1548 1959 Pausaniam
1564 1927 1673 1960 Eliae.

970 1987 1015 2009 11.
1058 1977 1162 2011 Unde
1186 1977 1340 2010 restituti
1363 1977 1452 2010 Elaei
1477 1978 1536 2010 has
1558 1986 1676 2010 omnes

970 2029 1212 2072 Olympiadas,
1249 2029 1411 2062 nimirum
1451 2034 1608 2072 quartam
1639 2034 1676 2061 et

968 2082 1207 2121 centesimam,
1233 2091 1335 2123 quam
1361 2080 1528 2118 Arcades,
1554 2087 1590 2112 et
1615 2081 1674 2113 has

968 2141 1053 2174 quas
1086 2132 1194 2167 Pisaei
1223 2131 1457 2172 celebrarunt,
1486 2133 1497 2150 ‘
1509 2130 1674 2173 Anolym·

967 2184 1060 2225 pias'
1077 2189 1258 2225 vocarunt,
1272 2194 1312 2216 ac
1337 2185 1373 2216 in
1387 2183 1496 2216 fastos
1512 2193 1590 2216 suos
1606 2192 1673 2216 non

966 2235 1169 2266 retulerunt.
1214 2234 1305 2266 Vide
1317 2234 1520 2273 Pausaniam
1531 2234 1672 2268 ibidem.

966 2285 1094 2317 Forsan
1111 2285 1167 2316 hic
1179 2285 1389 2317 mentionem
1401 2283 1485 2317 fecit
1498 2284 1672 2318 Arcadum

965 2335 1071 2377 Juuo,
1086 2336 1166 2378 quia
1181 2335 1321 2378 Jupiter
1345 2336 1548 2379 quibusdam
1571 2341 1672 2368 natus

967 2390 1004 2418 et
1040 2384 1210 2418 educatus
1248 2386 1282 2418 iu
1313 2386 1466 2420 Arcadia
1503 2386 1670 2429 proditur.

967 2434 1050 2477 Hic]
1070 2434 1175 2478 Apud
1191 2436 1302 2468 Pisas.
1347 2437 1492 2476 Ntfizstis
1514 2435 1604 2477 10qu
1628 2436 1671 2468 Iu

965 2487 1096 2529 optimo
1107 2487 1296 2528 exemplari
1307 2491 1372 2528 est,
1381 2487 1535 2526 nefandis.
1550 2487 1596 2518 Et
1607 2486 1671 2520 hoc
1716 2511 1718 2514 v

967 2537 1047 2579 quia
1067 2537 1158 2579 apud
1183 2538 1282 2569 Pisas
1306 2538 1454 2570 stadium
1475 2544 1548 2571 erat
1564 2538 1669 2570 OEno-

965 2588 1044 2629 mai,
1060 2593 1100 2620 ut
1126 2598 1202 2620 mox
1225 2588 1372 2626 dicetur,
1390 2589 1448 2632 qui
1477 2590 1587 2622 victos
1610 2600 1669 2624 cn-

964 2638 1029 2670 ruli
1043 2639 1231 2671 certamine
1247 2637 1327 2671 filiae
1339 2639 1581 2681 Hippodamiae
1593 2640 1670 2682 pro·

964 2699 1021 2722 cos
1036 2689 1230 2723 occidebat.

1008 2743 1071 2774 2⁷4
1095 2740 1166 2773 Illic
1189 2740 1369 2774 Mavortius
1400 2741 1472 2773 axis
1504 2740 1670 2784 OEnomm']
