1820 3068
202 163 315 209 1098
379 143 388 147 ’

201 274 422 327 Brachia3
452 274 531 316 vix
550 274 740 328 requies,
755 274 850 330 jam
870 287 963 316 vox
983 275 1074 318 ciet
1093 276 1231 318 altera
1248 288 1410 319 remos.

203 342 325 384 Ecce
345 343 503 383 iterum
524 341 756 385 immodice
777 343 1018 385 venientem
1035 344 1188 396 eludit,
1210 348 1254 388 et
1272 346 1367 388 exit

202 409 376 464 Sponte
397 422 543 462 ruens,
563 422 823 465 mersusque
843 411 1059 459 humeris:
1091 413 1327 456 effunditur
1347 413 1424 456 ille

200 478 259 520 In
279 482 437 532 caput:
467 482 766 531 assurgentem
788 479 879 521 alio
901 492 1012 535 puer
1031 479 1260 534 improbus
1274 474 1367 523 ictu

202 546 417 597 Perculit,
437 550 684 600 eventuque
703 546 925 601 impalluit
943 547 1041 602 ipse
1060 547 1269 590 secundo·

202 613 452 656 Clamorem
473 614 718 667 Inachidae,
738 620 951 670 quantum
971 629 1059 658 non
1079 617 1242 668 littora,
1268 616 1440 668 tollunt,

203 681 310 724 Non
329 695 536 725 nemora:
566 683 691 735 illum
714 684 771 726 ab
790 683 923 725 humo
945 689 1180 726 conantem
1200 688 1250 727 ut
1268 684 1380 727 vidit
1399 683 1640 737 Adrastus,

201 749 541 806 Tollentemque
560 763 732 802 manus,
753 755 798 794 et
815 764 906 794 non
926 752 1154 796 toleranda
1171 757 1417 808 parantem,

202 818 290 870 Ite,
313 832 407 871 oro,
429 819 559 870 socii,
578 819 706 862 furit:
736 820 812 871 ite,
834 821 1046 875 opponite
1068 821 1267 872 dextras,

203 885 448 939 Festinate,
469 888 590 939 furit,
606 888 891 944 palmamque
913 893 958 931 et
978 889 1160 943 praemia
1178 889 1309 932 ferte:

700 179 743 210 P.
778 175 968 210 PAPINII
1003 178 1169 212 STA'ml

1585 547 1671 591 805
1700 612 1703 614 -

1565 860 1669 932 810

201 1009 285 1042 dicio
298 1010 409 1042 lacerti
422 1019 590 1051 parumper
603 1010 811 1051 requierunt5
831 1009 888 1042 vix
903 1013 949 1043 est
961 1015 1125 1049 cessatum,
1138 1011 1208 1053 jam
1223 1013 1304 1045 alius
1314 1013 1431 1046 clamor
1445 1012 1565 1044 excitat
1575 1013 1668 1045 remi-

198 1063 267 1093 ges.
313 1054 395 1085 Ecce
408 1063 520 1085 rursus
533 1053 712 1085 Alcidamas
727 1053 863 1085 declinat
880 1055 1059 1095 Capaneum
1072 1059 1213 1087 ruentem
1225 1055 1369 1098 effraene,
1391 1059 1422 1087 et
1444 1056 1542 1088 evitat
1561 1060 1670 1097 sponte

200 1098 327 1136 cadens,
339 1097 416 1128 collo
430 1097 464 1128 in
479 1096 623 1128 humeros
637 1098 790 1128 iinmetmso
836 1097 898 1128 Ille
915 1098 1077 1147 Capaneus
1091 1098 1231 1130 labitur·
1221 1110 1256 1131 m
1269 1103 1373 1141 caput.
1412 1098 1554 1131 Callidus
1567 1099 1670 1139 ephoe-

202 1138 259 1171 bus
271 1139 356 1177 serit
370 1139 435 1171 alia
446 1140 543 1180 plaga
561 1140 740 1181 Capaneum
756 1139 927 1177 erigentem
940 1149 984 1180 se,
1004 1144 1036 1172 et
1056 1141 1122 1182 ipse
1130 1143 1244 1182 palluit
1260 1142 1298 1174 ob
1310 1142 1478 1174 secundum
1491 1151 1672 1174 successum.

200 1182 319 1222 Argivi
333 1184 430 1215 edunt
444 1183 609 1222 ululatum,
631 1188 782 1224 quantum
797 1193 858 1214 uon
869 1184 965 1214 edunt
979 1183 1058 1225 ripoe
1072 1187 1129 1216 aut
1142 1186 1240 1227 sylcoe
1252 1185 1354 1217 emis
1363 1185 1507 1225 agitatae.
1549 1184 1671 1216 Adme-

201 1227 263 1260 tus,
283 1228 321 1256 at
341 1226 441 1258 cernit
456 1226 545 1257 illum
560 1227 738 1266 Capaneum
753 1229 976 1266 assurgentem,
991 1237 1167 1268 manusque
1192 1228 1376 1268 erigentem,
1398 1231 1430 1260 et
1453 1237 1516 1260 mm
1531 1227 1669 1266 serenda

199 1268 387 1306 molientem,
400 1269 542 1309 Currite,
556 1278 678 1309 precor,
691 1268 830 1309 comites,
840 1269 927 1304 rabie
936 1269 1080 1310 mpitur:
1094 1271 1210 1308 vadite,
1221 1281 1332 1303 manus
1344 1270 1482 1311 obstrue,
1493 1273 1670 1320 properate,

201 1311 288 1344 rabie
302 1313 442 1354 rapitur,
460 1315 585 1353 portate
597 1312 647 1343 illi
658 1312 795 1354 palmam
806 1315 839 1344 et
852 1312 1027 1354 premium.
1077 1314 1122 1346 Ut
1133 1314 1214 1346 enim
1229 1323 1334 1356 cerno,
1354 1324 1416 1346 uon
1430 1314 1554 1346 desim
1563 1322 1671 1355 prmu-

816 1409 894 1421 mo
897 1409 1014 1421 ΝΜΟ
1016 1408 1057 1422 OG

202 1473 329 1514 Delph.
332 1476 438 1505 -803
463 1473 614 1506 Gronov.
630 1474 743 1506 Diatr.
761 1484 795 1516 p.
810 1477 886 1507 248.
903 1485 1083 1517 mersusque
1096 1479 1199 1517 caput.
1202 1477 1309 1507 -804
1333 1474 1443 1516 Lang.
1464 1474 1566 1507 Laur.
1581 1472 1668 1505 Bus-

202 1517 260 1547 lid.
278 1516 429 1557 Lipsian.
447 1517 555 1548 ceteri
578 1517 780 1549 Bartbiani:
803 1528 840 1549 ac
853 1522 1042 1558 surgentem.
1046 1521 1153 1550 -806
1177 1518 1234 1558 Op
1237 1519 1340 1549 timus
1356 1518 1583 1549 Barthianus·
1606 1525 1668 1547 mm

200 1559 303 1591 sidem
328 1560 452 1600 tollunt,
468 1564 503 1591 et
521 1569 583 1600 pro
599 1559 928 1593 v.1.1ittora.-809
950 1561 991 1593 In
1018 1562 1149 1603 optimo
1174 1561 1308 1593 Barthii
1333 1560 1476 1593 codice:
1500 1561 1564 1602 Ite,
1578 1559 1635 1597 tte
1649 1568 1667 1589 o

860 1659 1008 1694 NOTAE

243 1729 306 1758 801
334 1726 406 1758 Ciet
432 1726 549 1767 remos]
591 1725 732 1758 Excitat
761 1725 908 1765 remiges

195 1777 246 1810 'ad
263 1777 485 1809 resumendus
503 1786 623 1808 remos.

243 1831 308 1860 803
333 1829 519 1869 Mersusqae
533 1826 686 1867 humeris]
716 1826 907 1859 Inclinatus

202 1889 312 1922 usque
337 1889 405 1922 quo
433 1883 566 1919 potest:
591 1878 643 1910 sic
664 1879 673 1894 ‘
690 1886 802 1909 mersa
823 1886 908 1909 nare

201 1930 324 1964 canes'
341 1931 432 1972 apud
445 1929 564 1962 Silium
575 1929 748 1962 Italicum.
790 1929 905 1962 Infra:

200 1984 209 2000 ‘
227 1983 391 2024 Collaque
420 1981 615 2013 demersere
644 1979 816 2013 humeris)
860 1982 907 2012 Et

202 2033 266 2066 hoc
298 2037 372 2064 erat
402 2042 444 2063 ex
475 2036 562 2063 arte.
605 2031 655 2062 La
677 2030 742 2062 tete
762 2029 907 2070 ensoncee

202 2085 280 2116 dans
294 2085 337 2115 les
352 2083 488 2125 epaules.

246 2137 307 2166 805
335 2135 518 2174 Eventuque
532 2132 689 2173 impalluit
709 2132 775 2173 ipse
798 2142 904 2165 secan-

201 2187 257 2228 do]
302 2186 345 2218 Id
374 2190 442 2227 est,
475 2186 551 2226 ipse
580 2182 780 2215 Alcidamas
809 2181 906 2215 felici

199 2241 329 2270 eventu
345 2237 411 2268 hoc
427 2233 579 2267 secundo
603 2233 810 2275 perterritus
826 2232 905 2271 fuit,

184 2297 246 2330 ‚ne
276 2291 399 2329 postea
423 2287 550 2319 iratum
579 2284 823 2327 furentemque
854 2294 906 2317 re-

201 2344 307 2380 cepto
321 2337 473 2370 secundo
489 2337 561 2368 ictu
582 2335 676 2368 ferre
691 2345 758 2367 non
774 2341 906 2377 posset,

203 2399 305 2432 quem
321 2393 423 2422 antea
447 2397 539 2428 aegre
557 2396 599 2420 ac
615 2387 673 2418 vix
688 2387 907 2420 sustinuerat.

244 2443 309 2472 806
332 2437 511 2478 Inachidae]
535 2436 669 2478 Argivi.

245 2492 309 2522 810
335 2487 551 2529 Palmumque]
582 2486 671 2519 Aliae
699 2490 802 2529 atque
833 2487 907 2519 aliae

201 2545 302 2574 erant
317 2549 454 2573 coronae
470 2539 504 2571 in
529 2538 641 2578 ludis;
668 2547 766 2579 aeque
791 2542 905 2569 tamen

201 2592 238 2624 in
264 2591 421 2627 omnibus
446 2590 559 2631 palma
579 2587 778 2620 Hieronicis
802 2588 904 2620 daba-

202 2648 275 2683 tur,
298 2646 337 2675 ut
351 2642 542 2683 colligimus
558 2650 601 2673 ex
615 2639 761 2672 Polluce
778 2639 903 2671 Ouom.

201 2694 295 2726 Lm.
311 2704 341 2726 c.
357 2697 389 2726 3.
405 2698 441 2726 et
452 2692 641 2726 Plutarcho
651 2691 770 2733 Symp.
782 2691 903 2724 Probi.

203 2745 226 2776 1.
244 2752 330 2777 vm.
344 2745 479 2778 Quaest.
490 2747 521 2776 4.
534 2744 645 2778 Quam
657 2744 807 2785 palmam
820 2742 904 2775 Hie-

963 1726 1092 1758 ronicae
1116 1730 1291 1767 gererent.
1334 1726 1392 1758 Sic
1414 1725 1534 1758 beatus
1559 1726 1666 1760 Joan-

939 1795 941 1797 ·
963 1786 1024 1808 nes
1038 1777 1073 1808 in
1086 1776 1299 1819 Apocalypsi
1320 1777 1417 1808 videt
1432 1781 1562 1809 stantes
1578 1785 1667 1809 mar-

962 1831 1058 1869 tyres
1073 1827 1109 1859 in
1122 1832 1312 1868 conspectu
1329 1826 1419 1868 Agni
1431 1830 1467 1858 et
1477 1832 1557 1859 ante
1573 1828 1666 1859 thro-

962 1887 1042 1909 num
1059 1878 1140 1919 Dei,
1156 1878 1299 1910 amictos
1313 1877 1410 1910 stolis
1419 1877 1523 1918 albis,
1539 1881 1576 1909 et
1592 1877 1664 1919 pal-

961 1937 1033 1959 mas
1056 1928 1092 1959 in
1117 1928 1273 1960 manilius
1294 1937 1422 1972 eorum.
1468 1927 1519 1960 Ut
1533 1926 1666 1960 confes-

960 1988 1054 2010 sores
1081 1978 1172 2009 enim
1201 1977 1384 2010 Christiani
1404 1977 1563 2019 nominis,
1590 1982 1663 2009 tau-

960 2039 1063 2070 quam
1093 2029 1165 2060 veri
1206 2034 1243 2060 et
1278 2028 1422 2070 legitimi
1457 2027 1667 2068 Hieronicae,

960 2084 1039 2122 post
1065 2080 1390 2112 consummationem
1414 2078 1562 2119 palmam
1577 2087 1666 2110 mar-

959 2131 1041 2172 tyrii
1069 2135 1169 2163 erant
1191 2130 1334 2171 adepti3
1362 2129 1463 2171 cujus
1485 2129 1609 2171 palmae
1630 2133 1667 2162 et

959 2182 994 2215 in
1021 2181 1274 2223 Martyrologio
1301 2182 1455 2213 Romano
1477 2180 1603 2212 crebra
1624 2179 1666 2213 fit

959 2233 1101 2268 mentio,
1117 2232 1209 2264 sicut
1231 2241 1381 2272 coronae,
1403 2232 1557 2273 itemque
1572 2230 1665 2272 apud

960 2283 1044 2315 alios
1073 2282 1338 2315 Ecclesiasticus
1363 2286 1533 2315 auctores.
1576 2281 1665 2313 Inde

960 2344 1034 2366 mos
1049 2333 1250 2378 observatus
1267 2332 1478 2374 depingendi
1496 2335 1665 2374 martyres

961 2394 1038 2418 cum
1056 2384 1179 2426 palmis
1194 2384 1228 2415 in
1244 2383 1416 2415 manibus.
1460 2382 1528 2414 Hae
1541 2383 1664 2424 palmoe

962 2445 1030 2467 una
1063 2444 1141 2467 cum
1170 2434 1305 2467 coronis
1339 2438 1378 2466 et
1405 2434 1603 2467 muneribus
1629 2434 1663 2465 in

962 2486 1076 2518 medio
1091 2486 1185 2518 circo
1201 2484 1470 2526 collocabantur,
1490 2488 1530 2516 nt
1545 2483 1663 2516 videre

960 2544 1013 2570 est
1030 2538 1120 2579 apud
1137 2536 1319 2578 Virgilium
1336 2536 1412 2568 AEn.
1427 2545 1465 2568 v.
1488 2536 1499 2553 ‘
1515 2535 1663 2567 Munera

959 2589 1131 2631 principio
1160 2592 1241 2620 ante
1267 2587 1396 2628 oculos,
1423 2586 1584 2627 circoque
1615 2585 1663 2616 lo-

960 2644 1082 2672 cantur
1097 2639 1139 2671 In
1154 2637 1281 2679 medio,
1295 2636 1384 2669 sacri
1397 2634 1562 2677 tripodes,
1582 2634 1663 2666 viri-

959 2691 1087 2732 desque
1114 2698 1263 2728 coronae,
1292 2688 1338 2718 Et
1363 2685 1485 2727 palmae
1513 2685 1662 2726 pretium

962 2739 1175 2774 victoribus!
1232 2738 1435 2779 Oblatumque
1449 2747 1543 2769 mnu
1556 2737 1662 2769 thora-
