1820 3068
213 226 328 270 1034
747 235 789 266 P.
821 234 1013 266 ΡΑΡιΝιι
1045 234 1210 266 ετΑΤιι

213 334 270 376 In
289 345 451 375 nomen
472 332 692 386 pascebat
711 343 870 385 equos,
886 332 1146 386 cinctusque
1165 335 1390 382 sonantes,

213 401 440 455 Armaque
459 399 654 454 majores
673 403 971 454 expectatura
989 400 1196 442 lacertos.

216 470 332 524 Spes
353 468 498 511 avidae
516 469 526 510 !
557 481 671 522 quas
691 481 780 510 non
801 468 845 510 in
865 482 1024 511 nomen
1045 468 1225 511 credula
1243 470 1390 510 vestes

214 536 415 591 Urgebat
436 535 621 578 studio?
652 535 887 590 cultusque
907 536 1096 590 insignia
1115 536 1238 589 regni
1625 535 1682 577 80

214 605 489 658 Purpureos,
510 606 827 658 sceptrumque
848 603 1023 645 minus?
1056 608 1221 645 cuncta
1240 602 1419 656 ignibus
1439 601 1546 644 atris

216 672 413 714 Damnat
429 675 577 722 atrox,
598 682 766 725 suaque
786 671 886 725 ipse
906 684 1065 726 parens
1084 671 1334 724 gestamina
1352 669 1473 720 ferri,

215 739 266 781 Si
288 739 462 781 damnis
481 738 684 781 rabidum
703 743 843 794 queat
857 742 1116 782 exsaturare
1138 738 1350 781 dolorem.

215 805 353 848 Parte
372 807 464 849 alia
482 807 604 861 gnari
623 807 805 850 monitis
825 807 1051 849 exercitus
1070 807 1203 849 instat

216 872 427 928 AuguriS,
451 873 616 916 aeriam
636 875 804 916 truncis
821 887 1136 929 nemorumque
1154 875 1289 918 ruina
1627 873 1686 916 85

218 983 273 1025 qui
289 983 475 1016 Archemori
487 993 549 1016 esse
563 983 757 1022 dicebantur,
771 987 802 1015 et
817 984 945 1016 dederat
961 984 1079 1016 balteos
1093 984 1185 1016 bullis
1198 986 1370 1025 crepantes,
1390 993 1428 1015 ac
1439 984 1561 1025 clypeos
1574 993 1687 1025 expec-

218 1031 342 1059 tataros
360 1028 533 1066 grandiora
548 1027 687 1058 brachia.
736 1027 817 1060 Vota
831 1027 918 1058 avidi
932 1027 1006 1060 bene
1019 1030 1178 1067 augurata
1193 1028 1231 1059 de
1250 1028 1376 1058 nomine
1386 1026 1467 1067 filii,
1489 1035 1567 1067 quas
1578 1030 1689 1065 vates,

219 1073 253 1102 et
268 1080 328 1111 quo
343 1080 404 1102 nori
418 1070 522 1101 stadio
537 1069 738 1108 festinabat?
757 1079 930 1111 purpureos
945 1067 1085 1110 afflatus,
1109 1070 1252 1110 insigma
1265 1070 1364 1110 regie
1377 1070 1496 1109 domus,
1507 1072 1540 1101 et
1555 1077 1690 1110 panim

220 1116 387 1154 sceptrum.
423 1113 540 1144 Omnia
553 1113 620 1145 hoec
633 1114 768 1156 afflictus
779 1122 893 1153 parens
906 1114 1027 1145 addicit
1033 1112 1380 1154 funebribus-flammis,
1393 1115 1423 1144 et
1438 1112 1539 1153 ipsam
1545 1113 1690 1151 ferreum

221 1160 376 1196 sceptrum
390 1157 471 1197 quod
489 1155 632 1196 gerebat,
657 1156 687 1187 si
705 1156 806 1198 pouit
820 1156 1017 1188 detrimentis
1029 1157 1152 1198 explere
1162 1156 1323 1195 furiosum
1338 1156 1466 1188 lucrm.
1510 1155 1612 1187 Pam
1625 1155 1690 1186 alia

224 1200 324 1240 copioe
338 1200 418 1231 dant
432 1209 570 1240 operam,
583 1199 712 1231 consilio
731 1199 829 1240 periti
849 1199 946 1241 catis,
967 1201 1155 1232 exstruendo
1170 1209 1244 1239 rogo
1259 1198 1384 1231 sublimi
1403 1198 1522 1230 truncis
1535 1201 1568 1230 et
1581 1200 1691 1238 strage

839 1283 1077 1298 OOOOOOONOOO

219 1336 285 1368 nisi
309 1337 400 1379 quod
429 1337 464 1368 in
491 1337 618 1370 Behot.
639 1339 671 1369 2.
707 1341 903 1369 correctum
929 1337 1113 1370 novissime
1134 1338 1397 1379 pharetram—79
1418 1336 1497 1379 Spes
1509 1337 1691 1378 avidoque

221 1379 387 1412 Heinsius
403 1380 438 1411 in
465 1380 596 1421 Syllog.
623 1379 735 1421 Epist.
762 1381 931 1412 Tom.1v.
953 1383 1081 1421 ρ.639.
1126 1381 1181 1412 Ibi
1213 1381 1427 1412 Gronovium
1453 1380 1601 1412 voluisse
1631 1380 1693 1420 ait,

222 1421 302 1463 Spes
323 1423 422 1454 avidi.
461 1423 604 1455 Graevio
632 1433 699 1454 non
725 1422 947 1473 displicebat,
967 1422 1048 1463 Spes
1065 1424 1169 1456 acido.
1196 1423 1302 1455 Vide
1319 1424 1452 1465 Syllog.
1466 1422 1580 1464 Epist.
1593 1422 1691 1455 Τοιιι.

222 1474 275 1496 lv.
301 1474 335 1505 p.
350 1468 424 1499 ⁵40.
467 1465 630 1498 Bartbius
647 1475 691 1498 ex
708 1466 848 1507 optimis
860 1465 1092 1498 membranis:
1115 1466 1195 1507 Spes
1205 1467 1320 1498 avidae.
1364 1467 1410 1498 Et
1425 1476 1504 1515 quas
1516 1475 1579 1497 non
1592 1468 1693 1497 testes

220 1509 301 1540 male
312 1509 441 1540 credula
454 1512 556 1541 mater
581 1509 652 1549 Urg
652 1509 722 1540 ebat
744 1508 850 1540 studio
861 1507 961 1542 ?—81
986 1508 1028 1540 In
1040 1509 1162 1541 eodem
1177 1508 1319 1541 codice·
1341 1513 1453 1541 cuncta
1474 1508 1602 1549 ignibus
1615 1511 1645 1539 et
1659 1517 1693 1540 se

221 1551 339 1583 Manat
342 1554 438 1583 .—82
461 1551 502 1583 In
520 1561 588 1584 uuo
605 1552 732 1583 Behot.
749 1551 783 1582 in
799 1551 901 1593 gloss.
924 1551 1120 1592 ipsejabet3
1143 1551 1234 1594 quod
1257 1552 1347 1583 alter
1374 1551 1496 1583 Behot.
1474 1518 1631 1583 ²gahabet
1656 1550 1691 1582 in

221 1598 333 1632 textu,
350 1595 436 1627 sed
427 1604 462 1626 m
477 1595 580 1637 gloss.
600 1594 668 1636 ipse
682 1603 812 1636 parens.
811 1597 898 1626 -83
921 1595 975 1626 Aa
988 1594 1112 1627 damis
1126 1595 1219 1637 conj.
1234 1594 1411 1627 Bai-thius.
1437 1594 1475 1627 Si
1496 1594 1620 1626 damnis
1639 1603 1692 1625 ra·

885 1681 1031 1714 NOTAE

265 1748 308 1778 77
350 1746 392 1779 In
439 1745 565 1788 nomen]
619 1745 837 1786 Archemori,
874 1756 936 1778 seu
989 1745 1146 1778 Thebani
1160 1745 1270 1786 malis,
1287 1744 1349 1777 sed
1372 1754 1393 1777 a
1417 1743 1619 1786 superandis
1643 1741 1694 1775 sa-

184 1820 186 1823 .
223 1795 403 1837 opheltae.
450 1796 642 1837 cinctusque
657 1796 818 1838 sonantes]
856 1796 936 1827 Bul·
990 1796 1049 1837 tis,
1077 1796 1202 1838 quibus
1229 1795 1327 1837 quasi
1355 1794 1601 1834 dominaretur,
1622 1793 1694 1826 dic-

223 1852 298 1879 teos
314 1847 478 1879 militares
495 1847 608 1879 aureis
623 1845 727 1879 bullis
743 1847 939 1889 distinctos,
991 1850 1064 1878 tum
1088 1846 1152 1879 sibi
1163 1845 1278 1883 fiuxit,
1292 1850 1330 1878 et
1344 1844 1525 1887 persuasit.
1571 1845 1695 1876 Grono-

222 1898 317 1931 unde
329 1901 486 1930 sonantes.

266 1950 311 1980 79
334 1948 415 1989 Spes
430 1947 532 1979 avidoe
542 1947 558 1979 !
579 1958 657 1988 quas
671 1947 748 1989 non]
758 1954 761 1957 ’
771 1947 806 1980 Si
818 1946 857 1979 τὸ
867 1957 935 1990 spes

990 1908 1072 1931 cius.

1034 1948 1254 1990 Peyraredus
1280 1948 1425 1990 corrigit
1448 1947 1552 1984 avido,
1566 1951 1602 1978 et
1617 1955 1696 1979 cou-

228 1997 438 2039 accipiamus
467 1997 655 2039 plurative,
683 1997 767 2029 nihil
794 2003 848 2029 est
878 1999 934 2030 cui
984 1999 1103 2042 jungit
1128 2009 1207 2031 cum
1232 1999 1337 2031 studio
1360 1997 1536 2041 sequentis
1567 2005 1698 2029 versus,

224 2049 457 2091 conjungatur
468 2048 506 2080 τὸ
519 2049 657 2080 credula.
686 2049 811 2081 Inveni
826 2048 861 2081 in
876 2058 936 2091 op·

223 2101 310 2132 timo
356 2101 477 2133 codice
523 2100 714 2142 ascriptum
759 2099 933 2134 schoiion:

221 2151 339 2185 ‘Quia
362 2156 474 2184 mater
496 2160 565 2183 uon
591 2151 707 2183 credit
731 2150 839 2182 filium
861 2160 938 2192 per-

225 2203 388 2245 tinguere
412 2203 456 2235 ad
482 2207 622 2235 aetatem
649 2201 832 2235 affectam!
868 2201 939 2234 Sed

226 2253 516 2296 quemadmodum
543 2252 725 2285 intellectu
751 2252 941 2293 poterimus

225 2306 294 2337 huc
320 2305 487 2346 inserere,
511 2307 634 2336 mater?
664 2304 787 2345 Immo,
800 2307 838 2351 et
863 2313 940 2346 quae

227 2354 433 2397 praecedunt
447 2353 599 2396 quinque
621 2353 788 2392 versibus,
803 2357 841 2385 et
864 2363 940 2396 quae

228 2410 421 2446 sequuntur
430 2398 592 2447 quatuor,
604 2403 714 2445 patris
727 2403 832 2435 solius
847 2413 941 2435 men·

228 2456 356 2488 tionem
374 2454 522 2488 faciunt.
563 2453 711 2486 Scribe:
744 2453 823 2495 Spes
842 2453 942 2495 avidi,

227 2515 305 2548 qaas
320 2515 396 2545 non,
407 2505 441 2535 in
455 2514 566 2537 nomen
579 2504 720 2544 credula,
734 2507 848 2536 vestes.
871 2503 941 2536 Ne-

229 2566 296 2599 que
322 2562 392 2588 tam
417 2556 508 2587 maie
531 2555 717 2587 ominatum
739 2563 826 2596 rem,
841 2563 940 2596 quum

229 2607 328 2649 fingit
350 2606 575 2646 Scholiastes,
590 2605 686 2647 patri
707 2603 939 2638 festinationis

229 2667 369 2689 causam
399 2656 503 2689 fuisse
530 2654 741 2697 putandum3
773 2655 834 2687 sed
858 2655 940 2697 quia

232 2708 396 2740 bonorum
414 2711 597 2749 pareutum
611 2710 694 2739 vota
719 2710 801 2739 sunt
823 2706 936 2739 avida.

231 2759 273 2790 In
285 2768 393 2790 nomen
405 2759 531 2790 credula
546 2767 588 2790 eo
603 2757 761 2800 respicit,
772 2757 862 2800 quod
879 2767 938 2789 vo-

231 2809 392 2842 cabulum
408 2808 470 2841 filii
486 2818 553 2841 uon
569 2808 613 2843 ab
637 2808 842 2851 incipiendis
857 2809 940 2842 belli

990 2050 1154 2083 Ceterum
1174 2049 1264 2082 huuc
1287 2058 1421 2081 versum
1437 2053 1474 2080 et
1487 2050 1632 2090 quatuor
1646 2056 1700 2078 se·

991 2103 1137 2143 quentes
1161 2100 1298 2133 omnino
1317 2099 1459 2132 damnat
1473 2103 1509 2131 et
1529 2097 1698 2140 expungit

993 2151 1168 2192 Guyetus.

1037 2206 1080 2236 80
1103 2204 1274 2245 cultusque
1294 2201 1436 2243 insignia
1454 2201 1548 2241 reg-ni
1569 2200 1698 2241 Purpu-

993 2254 1079 2295 reos]
1101 2253 1263 2295 Purpura
1275 2252 1355 2284 solis
1370 2251 1508 2294 regibus
1523 2259 1698 2291 concessa,

995 2303 1086 2335 unde
1101 2313 1221 2346 regum
1235 2302 1297 2334 filii
1308 2300 1554 2344 posterioribus
1567 2300 1699 2333 saecuiis

994 2353 1263 2396 Porphyrogeniti
1273 2352 1370 2385 dieti.

1037 2407 1079 2437 82
1111 2403 1235 2446 Suoque
1259 2403 1438 2444 gestamina
1456 2401 1559 2444 serr-i]
1593 2403 1700 2445 Scep-

994 2459 1086 2488 trum
1101 2453 1250 2487 ferreum
1265 2453 1442 2495 intelligit.

1037 2508 1079 2538 8³
1103 2505 1143 2537 Si
1156 2504 1282 2537 damnis
1300 2503 1445 2536 rabidum
1463 2505 1555 2545 queat
1575 2505 1701 2534 ematu-

993 2566 1068 2589 rare
1094 2555 1248 2597 dolorem]
1285 2555 1392 2588 Quasi
1419 2554 1494 2595 plus
1523 2552 1701 2595 perderet,

994 2607 1071 2649 plus
1104 2605 1219 2639 solatii
1254 2605 1416 2647 accipere
1444 2603 1599 2636 deberet.
1641 2601 1701 2633 Sic

994 2656 1165 2699 Epicedio
1196 2655 1378 2688 Glaueiae:
1423 2653 1553 2694 ‘Cupit
1586 2651 1702 2683 omnia

992 2706 1086 2740 ferre
1101 2706 1286 2747 Prodigus,
1309 2708 1348 2735 et
1366 2707 1455 2737 totos
1475 2702 1603 2735 Melior
1624 2711 1701 2734 sue-

992 2758 1142 2791 cendere
1149 2755 1453 2797 census,Desertss
1461 2761 1586 2786 exosus
1594 2749 1704 2795 opes.'.

1038 2812 1079 2841 85
1103 2805 1260 2850 Auguris]
1281 2803 1491 2847 Amphiarai.

1789 2674 1815 2733 {js

1784 2864 1806 2959 ῖς,
