1820 3068
198 222 287 265 728
702 235 743 265 P.
778 235 970 267 PAPJNH
1005 238 1170 269 εΤΑἰίι

200 328 467 372 Posthabito.
485 334 554 372 est
575 329 752 372 Larissa
765 331 913 386 jugis:
943 333 1015 375 hic
1035 348 1157 377 more
1178 339 1411 389 parentum

200 396 392 448 Iasides,
413 397 620 440 thalamis
636 398 714 451 ubi
734 403 860 441 casta
881 401 1156 444 adolesceret
1176 407 1305 454 aetaS,
1611 425 1633 458 s,

198 461 434 517 virgineas
453 464 594 506 libare
617 478 786 516 comas,
807 467 1063 523 primosque
1085 471 1291 512 solebant
1576 461 1664 514 255

199 530 433 572 Excusare
452 533 598 574 toros:
630 532 798 574 celsam
818 534 1108 577 subeuntibus
1127 549 1272 578 arcem

198 597 255 638 ln
277 598 491 651 gradibus
513 600 673 641 summi
688 601 920 655 delapsum
941 603 1128 645 culmine
1149 605 1304 658 templi

201 664 404 707 Arcados
427 665 594 722 Euippi
613 668 807 722 spolium
829 670 951 712 cadit
970 684 1110 713 aereus
1132 672 1278 724 orbis;

199 731 557 789 Praemissasque
575 734 718 786 faces,
737 735 897 778 festum
917 739 1185 780 nubentibus
1204 739 1366 793 ignem,

198 798 376 851 Obruit,
397 814 512 856 eque
534 801 679 857 adytis
700 803 834 845 simul
851 805 1063 848 exaudita
1079 807 1263 848 remotis

200 866 412 909 Nondum
433 869 762 922 ausosfirmare
781 872 962 924 gradum
983 873 1097 915 tuba
1117 875 1271 916 terruit
1290 875 1458 928 ingens.

1575 807 1662 850 260

196 1002 258 1023 non
274 996 321 1024 est
340 995 515 1034 postposita
534 995 703 1026 verticibus
721 996 912 1037 Munychiz's.
957 998 1031 1029 Illic
1044 997 1177 1039 Arg-ivre
1198 998 1348 1039 solebant,
1363 1008 1404 1031 ex
1423 998 1574 1039 maiarum
1587 1010 1661 1033 con·

196 1036 373 1076 suetudine,
392 1047 462 1068 cum
485 1038 621 1078 primum
645 1038 758 1078 pudica
781 1042 860 1071 aetas
873 1041 1077 1073 maturuisset
1091 1041 1223 1083 nuptiis,
1243 1040 1358 1083 offerre
1371 1041 1530 1082 virgineos
1543 1042 1660 1084 ornnes,

196 1088 233 1108 ac
246 1079 407 1119 deprecari
426 1080 550 1112 veniam
565 1081 662 1121 primi
676 1081 831 1113 connubii.
876 1083 970 1121 Ecce,
991 1094 1060 1115 cum
1073 1085 1279 1116 ascendebant
1289 1086 1331 1116 ad
1344 1085 1442 1116 altam
1455 1086 1554 1117 oedem
1568 1086 1661 1126 Dea,

196 1130 296 1153 cereus
318 1123 454 1163 clypeus,
476 1132 564 1164 quem
578 1123 653 1155 olim
663 1127 844 1163 gestaverat
863 1125 1004 1166 Euippus
1017 1126 1131 1166 Arcas,
1151 1128 1312 1159 devolutus
1326 1137 1343 1160 e
1355 1137 1472 1159 summo
1486 1131 1566 1160 tecto
1579 1131 1661 1160 tam-

192 1164 255 1203 plt',
276 1165 394 1196 labitur
407 1165 441 1197 in
454 1168 588 1206 gradus,
610 1170 641 1197 et
656 1167 798 1198 extinxit
811 1169 961 1208 praelatas
986 1171 1096 1210 toedas,
1119 1170 1224 1210 ignem
1248 1167 1368 1211 sponsis
1393 1171 1606 1212 auspicatum:
1627 1175 1661 1203 et

195 1216 258 1238 una
270 1217 402 1248 magnus
413 1209 543 1250 clangor
556 1209 692 1241 buccinae
705 1210 834 1241 auditus
848 1220 864 1242 e
878 1212 1005 1244 sem-etis
1013 1213 1227 1253 penetralibus
1236 1214 1450 1245 consternavit
1466 1223 1583 1256 omues,
1604 1214 1660 1255 qun·

807 1305 846 1317 ’θ
846 1295 1048 1319 OOOOOOOO

195 1377 258 1399 nus
274 1371 458 1411 utrumque
472 1369 624 1410 Μωνυχία
637 1375 672 1403 et
687 1371 850 1412 Μοννυχία
863 1374 1031 1415 agnoscit.
1055 1375 1232 1407 Manio-hiis
1254 1374 1334 1407 edd.
1352 1377 1549 1408 veta—258
1573 1375 1662 1408 Huic

195 1421 280 1443 more
291 1415 457 1452 parentum
468 1413 654 1454 legendum
678 1416 813 1455 putavit
827 1416 985 1449 Jortinus
1012 1423 1148 1450 nostras
1177 1419 1211 1449 in
1228 1417 1333 1449 obss.
1346 1418 1449 1449 Misc.
1463 1419 1561 1451 Tom.
1580 1428 1606 1451 1.
1625 1428 1663 1460 p.

196 1455 383 1486 197.-—254
405 1455 503 1487 Idem
518 1456 677 1489 Jortinus
694 1458 798 1490 vellet
820 1459 947 1491 etiam:
970 1460 1024 1492 ubi
1037 1461 1129 1500 ,iusta
1151 1462 1347 1493 adolesceret.
1369 1460 1508 1493 Tauria.
1523 1462 1660 1494 adoleve-

193 1500 366 1529 raa—256
388 1497 540 1530 Achilles
567 1499 698 1531 Statius
725 1501 768 1532 ad
796 1501 910 1535 Catul.
927 1511 1028 1535 axvi.
1052 1506 1103 1535 10.
1120 1503 1303 1544 legendum
1329 1503 1568 1544 conjectabat:
1591 1505 1662 1535 Ea·-

193 1549 318 1572 cussare
339 1544 546 1578 toros—25⁷
569 1543 661 1574 Dan.
677 1543 761 1575 Put.
777 1549 814 1575 et
840 1545 966 1578 PetaV.
981 1547 1135 1587 delapsus,
1152 1552 1189 1578 ut
1212 1545 1353 1578 edidere
1370 1546 1603 1586 Lindenbrog.
1625 1551 1663 1579 et

195 1582 298 1615 Cruc.
313 1584 470 1624 delapsum
493 1585 525 1616 iu
552 1585 627 1616 aliis
653 1586 753 1618 codd.
779 1591 815 1618 et
838 1588 917 1620 edd.
935 1591 1131 1620 vem—258
1157 1589 1294 1630 Euhippi
1320 1590 1411 1621 Dan.
1435 1589 1516 1621 Put.
1533 1589 1660 1622 Petav.

191 1625 426 1668 Lindenbrog.
441 1627 543 1659 Cruc.
558 1631 595 1659 et
615 1628 761 1660 Gevart.
778 1630 918 1672 Euhippi
940 1631 1019 1663 Ald.
1038 1634 1068 1663 l.
1088 1632 1201 1672 Euripi
1215 1631 1353 1663 Taurin.
1374 1632 1492 1664 Burm.
1518 1631 1659 1664 Beliott.
1708 1654 1712 1657 ,

195 1671 226 1699 1.
243 1671 276 1700 2.
301 1669 403 1701 Laur.
419 1671 523 1711 Lang.
549 1670 630 1702 Ald.
645 1674 677 1703 2.
703 1671 814 1704 Colin.
844 1673 977 1714 Gryph.
992 1678 1028 1705 et
1055 1675 1163 1705 Basil.
1187 1675 1324 1715 Eurippi
1339 1673 1441 1706 codd.
1457 1674 1661 1714 Barthiani3

193 1711 352 1752 Euchippi
367 1712 517 1754 Lipsian.
530 1718 567 1744 et
586 1714 715 1745 Buslid.
737 1715 857 1756 Euippi
880 1716 1027 1748 Amstel.
1049 1717 1200 1749 Gronov.
1218 1718 1339 1749 Barth.
1355 1717 1462 1749 Veen.
1477 1722 1513 1749 et
1527 1717 1660 1757 Delph.

191 1757 299 1787 ——261
322 1755 512 1788 Burmanni
527 1757 660 1789 codex:
683 1758 822 1796 conferre
833 1760 1087 1799 gradum—263
1103 1760 1186 1791 Mox
1198 1759 1329 1792 rediisse
1340 1760 1498 1792 Lactant.
1509 1760 1544 1792 in
1558 1760 1662 1792 Com-

855 1849 1006 1883 NOTAE

236 1924 301 1954 253
324 1921 472 1964 Larissa]
494 1922 569 1956 Arx
586 1923 769 1966 Argoi-um,
781 1924 818 1956 in
834 1934 901 1966 qua

194 1971 355 2004 Minerva
390 1973 541 2005 habebat
583 1974 763 2015 templum.
808 1974 900 2006 Vide

193 2023 403 2056 Pausaniam
421 2025 663 2058 Corinthiacis.

235 2077 302 2107 254
332 2074 470 2116 Iasides]
502 2075 659 2117 Argivae,
686 2076 729 2108 ab
758 2074 900 2119 antique

192 2123 364 2167 Argorum
381 2135 463 2167 rege
479 2126 571 2162 Iaso,
588 2127 631 2158 de
649 2135 716 2168 quo
729 2136 846 2167 supra.

234 2177 298 2207 266
329 2168 500 2216 Virgineus
513 2176 612 2208 libare
631 2175 749 2217 comas]
771 2176 821 2208 Ut
840 2176 900 2208 mi-

190 2225 268 2258 lites
283 2236 376 2258 arma
389 2226 530 2258 suaDiis
541 2227 745 2259 militaribus
758 2237 900 2268 suspen-

192 2276 335 2317 debant,
371 2277 421 2308 sic
455 2277 605 2319 virgines
641 2287 756 2310 comas
794 2279 899 2311 etiam

192 2327 280 2359 Deae
312 2327 447 2368 virgini,
474 2328 571 2370 cujus
600 2328 636 2359 in
666 2330 775 2360 tutela
802 2330 899 2370 prius

191 2375 345 2414 fuerant,
370 2377 538 2410 libabant.
582 2379 641 2411 Sic
669 2380 787 2420 etiam,
816 2382 898 2413 For-

192 2433 285 2460 tunae
315 2428 498 2471 Virginali,
527 2435 669 2462 ornatus
700 2431 897 2473 virginales,

191 2479 333 2520 puellae,
370 2489 448 2522 quae
484 2479 529 2511 ad
561 2479 741 2512 mulierum
773 2490 898 2514 nomen

192 2530 303 2562 ibant.

232 2582 298 2611 256
334 2579 499 2611 Excusare
530 2579 652 2622 thoros]
681 2580 897 2613 Lactantius.

190 2630 253 2662 ‘In
269 2631 399 2672 templo
414 2630 586 2662 Minervae
607 2629 767 2674 solebant
794 2631 897 2674 virgi-

189 2691 252 2713 nes
269 2686 429 2722 nupturae
455 2681 595 2722 placare
616 2681 743 2722 Deam,
758 2691 834 2723 quae
851 2682 898 2714 sit

191 2731 321 2764 fautrix
342 2730 563 2773 virginitatis,
580 2731 669 2773 quod
685 2732 899 2765 necessitate

191 2788 228 2816 et
245 2783 323 2826 lege
333 2783 485 2815 naturali
500 2782 630 2814 nubere
646 2781 882 2824 cogebantur!

998 1928 1063 1957 258
1095 1925 1237 1958 Arcados
1272 1925 1407 1968 Euippi]
1442 1926 1453 1945 ‘
1470 1927 1657 1969 Euippus,’

954 1975 1066 2015 inquit
1091 1976 1305 2016 Lactantius,
1330 1976 1341 1994 ‘
1357 1985 1420 2008 rex
1448 1975 1658 2017 Argivorum

954 2026 1048 2058 mirae
1064 2024 1239 2058 felicitatis
1265 2025 1344 2067 fuit,
1370 2026 1469 2068 cujus
1483 2027 1659 2069 clypeum,

954 2076 1013 2118 qui
1036 2076 1127 2118 apud
1150 2076 1262 2118 Argos
1285 2086 1356 2108 rem
1380 2076 1518 2110 fortiter
1532 2078 1658 2118 gessis-

955 2131 1019 2165 set,
1032 2127 1241 2169 accipiebat,
1255 2128 1367 2160 utillo
1388 2137 1451 2170 per
1471 2128 1592 2160 urbem
1607 2129 1657 2161 in·
1703 2127 1705 2133 ’

954 2177 1082 2210 cedens
1097 2178 1361 2210 honestaretur!
1381 2176 1452 2210 sed
1461 2188 1537 2210 cum
1551 2178 1657 2219 Euip-

955 2237 1018 2269 pus
1047 2228 1106 2260 ille
1129 2228 1301 2260 Lactantii
1335 2237 1400 2260 nec
1426 2238 1447 2260 a
1471 2228 1659 2266 Pausania,

953 2288 1018 2311 nec
1033 2279 1076 2310 ab
1101 2278 1266 2319 Eusebio,
1282 2281 1480 2310 numeretur
1498 2277 1591 2310 inter
1605 2287 1660 2311 re.

953 2339 1013 2370 ges
1027 2327 1247 2370 Argivorum,
1268 2333 1302 2359 et
1318 2328 1527 2360 liic-dicatur
1541 2329 1664 2374 Arcas,¹

953 2379 1167 2412 verisimilius
1177 2383 1242 2419 est,
1252 2379 1410 2420 clypeum
1420 2379 1527 2416 inum,
1536 2379 1580 2411 de
1589 2389 1664 2421 quo,

950 2431 1005 2462 hic
1026 2431 1153 2471 agitur,
1176 2429 1372 2461 detractum
1398 2429 1504 2461 fuisse
1519 2427 1656 2472 Euipp‘o

950 2481 1001 2512 illi
1014 2480 1142 2512 Arcadi
1152 2490 1170 2511 a
1184 2479 1331 2521 quodam
1345 2489 1427 2521 rege
1435 2479 1656 2522 Argivorum,

950 2535 988 2563 et
1004 2531 1039 2567 in
1055 2531 1202 2562 culmine
1217 2530 1349 2572 templi,
1365 2535 1404 2562 ut
1419 2530 1562 2571 spolium
1578 2530 1654 2562 hos-

951 2582 996 2614 tis
1019 2582 1182 2623 positum.

991 2635 1056 2664 259
1078 2630 1327 2671 Proemissasque
1341 2629 1434 2667 faces
1450 2629 1572 2668 festum
1596 2640 1655 2663 mt-

949 2681 1090 2714 bentibus
1113 2680 1235 2722 ignem]
1259 2679 1350 2714 Quia
1379 2679 1477 2711 taedis
1500 2680 1665 2721 accensis.

949 2731 1213 2765 deducebantur
1228 2739 1325 2762 novae
1342 2739 1476 2772 sponsae
1498 2730 1540 2763 ad
1566 2735 1653 2763 tem·

950 2782 1058 2824 plum.
