1820 3068
229 212 316 254 718

729 225 772 256 1².
807 225 996 257 ΡΑΡΙΝΙΙ
1031 225 1197 258 8ΤΑΊῚΙ

230 317 468 373 Imperiis?
501 320 604 374 quis
625 321 668 361 tc
687 319 800 362 solio
823 320 1031 374 Sicyonis
1051 321 1188 363 avitae

227 385 440 429 Excitum
460 388 670 430 infraenos
691 400 957 442 componere
978 389 1151 442 legibus
1174 389 1322 443 Argos

1609 387 1696 431 180

229 454 447 498 Nesciat?
479 459 614 511 atque
633 456 807 498 utinam
826 455 896 498 his
915 458 1119 499 manibus
1140 458 1391 512 permittere
1411 460 1581 512 gentes,

229 522 405 577 Jupiter
425 538 568 578 aeque,
587 524 719 575 velis,
741 537 856 579 quas
877 525 1072 567 Doricus
1092 525 1245 579 alligat
1262 525 1392 579 undis

230 589 444 643 Isthmos,
465 596 511 633 et
532 592 704 644 alterno
726 604 840 646 quas
859 594 1056 646 margine
1076 596 1326 635 summovet
1344 593 1484 636 infra:

228 722 319 751 noret
333 723 364 751 te
378 723 537 752 euocatum
550 718 655 758 fuisse
668 729 709 751 ex
721 717 855 760 Sicyone
869 718 955 750 usito
969 720 1059 760 solio,
1081 723 1117 751 ut
1143 719 1265 760 legibus
1278 719 1520 757 mansuefacere-⁴1
1535 719 1700 752 indomitos

229 762 391 802 Argivos?
412 764 516 804 Atque
537 763 659 794 utinum
684 762 744 793 tibi
767 763 947 802 placuisset,
962 763 1049 802 juste
1063 762 1207 803 Jupiter,
1230 763 1355 794 tradere
1368 762 1419 793 his
1432 762 1574 794 omnibus
1587 772 1699 802 regen-

230 806 286 836 dos
298 807 437 848 populos,
459 817 534 847 quos
548 806 684 850 Isthmos
699 805 838 837 Doricus
861 806 952 846 aquis
975 805 1214 843 circnma-ibit,
1237 808 1267 837 et
1282 814 1358 846 quos
1371 804 1458 843 ἐγώ-α
1472 805 1596 848 repellit
1611 809 1700 839 ueru-

877 902 1035 935 -NOTAE

230 990 274 1016 ne
286 983 429 1016 cernitis
444 983 644 1016 mutationis
654 993 766 1016 rerum
779 981 940 1015 humana-

230 1044 319 1067 rum.
364 1035 470 1067 Vobis
485 1035 550 1067 hoe
572 1035 748 1076 praecipue
771 1033 861 1075 dico,
882 1035 938 1076 ju·

230 1090 349 1117 venes.
393 1083 480 1118 Ideo
507 1086 542 1117 in
559 1085 720 1118 secundis
737 1085 839 1117 rebus
854 1084 939 1117 nihil

228 1135 264 1167 in
291 1145 497 1178 quemquam
524 1135 672 1178 superbe
701 1145 742 1168 ac
770 1136 939 1168 violenter

229 1186 409 1230 consulere
424 1181 551 1220 decet:
586 1197 650 1220 nec
674 1188 838 1229 praesenti
861 1196 937 1219 cre-

229 1236 314 1269 dere
329 1236 491 1279 fortunae,
518 1248 595 1270 cum
608 1237 691 1280 quid
709 1247 833 1279 vesper
846 1237 938 1270 ferat.

228 1287 400 1320 incertum
415 1289 472 1321 sit.
516 1289 553 1321 Is
569 1288 704 1321 demum
726 1289 779 1320 vir
799 1293 864 1326 est,
879 1298 938 1321 cu·

224 1338 284 1379 jus
299 1338 464 1379 animum,
479 1348 544 1371 nec
570 1348 739 1380 prospera
758 1337 844 1371 flatu
865 1348 938 1377 suo,

228 1398 296 1421 nec
304 1389 448 1421 adversa
461 1388 651 1431 infringat!
668 1390 714 1421 Et
730 1389 938 1422 Aristoteles

229 1443 335 1482 negat
351 1440 465 1472 Ethic.
492 1449 518 1471 1.
541 1439 646 1472 facile
670 1449 758 1480 esse,
774 1441 847 1472 sine
871 1441 938 1472 vir·

229 1493 318 1531 tute,
343 1489 434 1522 ferre
463 1494 502 1523 ut
532 1491 635 1522 decet
672 1499 725 1522 res
757 1490 937 1523 secundas.

222 1540 319 1573 Ἀνευ
331 1542 389 1579 τῆς
402 1540 514 1584 ἀρετῆς
527 1541 563 1573 οὖ
577 1541 681 1584 ῥᾳδιον
689 1539 793 1584 φέρειν
804 1543 940 1583 εὐμελῶς

229 1592 271 1624 τὸ,
306 1591 523 1633 εὐτυχήματα,
552 1592 647 1635 quia,
677 1597 715 1624 ut
744 1592 794 1624 ait
823 1593 940 1625 Niobe

229 1643 324 1685 apud
339 1644 534 1685 Libanium,
562 1644 595 1675 αἱ
619 1643 761 1683 εὐτυχίαι
784 1643 940 1677 πολλάκις

228 1695 290 1733 τὴν
299 1693 426 1734 ’γνώμην
435 1693 653 1736 διαφθείρουσι,
661 1705 712 1727 res
724 1697 865 1727 secunda·
878 1706 938 1728 soe-
958 1724 961 1725 γ

225 1746 302 1787 pius
325 1750 528 1787 corrumpunt
551 1749 696 1779 mentem.
743 1746 790 1779 Et
819 1747 938 1779 Livius

229 1797 292 1830 lib.
308 1807 356 1829 ιν.
378 1797 388 1815 ‘
406 1798 553 1839 Magnos
579 1798 710 1830 animos
733 1798 865 1840 maguis
880 1799 937 1831 ho-

231 1847 374 1879 noribus
395 1846 495 1880 fieri.'
538 1848 587 1880 Et
611 1848 777 1889 Virgilius
799 1849 876 1882 AEn.
901 1859 938 1881 x.

229 1898 240 1916 ‘
253 1899 330 1932 Nec
357 1908 497 1931 servare
517 1899 655 1931 modum
678 1899 780 1931 rebus
803 1900 939 1933 sublata

229 1948 415 1981 secundis.⁸

276 2002 340 2031 1⁷9
365 1998 514 2041 Sicyonis
534 2000 646 2042 uvitoe]
681 2000 807 2042 Sicyon
836 2004 940 2042 caput

229 2052 375 2084 modicae
397 2051 546 2095 regionis
567 2052 601 2084 in
619 2052 751 2084 Achaia
767 2052 941 2093 Pelopon·

229 2102 318 2143 nesi,
332 2102 505 2144 sicyoniae
519 2099 636 2139 dieta»,
653 2103 687 2134 in
707 2112 775 2144 qua
792 2101 939 2144 primum

231 2161 396 2194 regnasse
412 2151 532 2184 ferunt
548 2152 751 2192 Adrastum,
770 2158 806 2183 et
830 2162 875 2184 ex
898 2162 940 2184 ea

230 2208 391 2244 rogatum
414 2202 459 2234 ab
481 2202 621 2244 Argivis
643 2202 862 2234 transtulisse
885 2212 938 2235 re-

232 2254 320 2295 giam
338 2253 463 2295 Argos,
477 2257 516 2284 ut
531 2252 634 2284 rudes
645 2252 854 2294 Argivorum
868 2262 939 2284 mo-

231 2313 287 2336 res
301 2307 436 2335 naturae
451 2313 522 2335 suae
541 2302 686 2334 lenitate
708 2301 939 2334 mansueface-

230 2358 298 2386 ret.
342 2353 465 2395 Am‘toe]
499 2352 589 2387 Quia
613 2362 758 2395 regnum
783 2352 937 2394 Sicyonis

231 2414 252 2436 a
267 2403 456 2446 majoribus
472 2408 659 2445 acceperat
675 2403 862 2444 Adrastus,
877 2412 938 2444 per

232 2455 474 2496 Lysianassam
497 2458 656 2494 matrem,
679 2463 756 2495 quae
781 2463 823 2485 cx
850 2453 935 2495 regi-

232 2505 296 2537 bus
311 2505 469 2546 Sicyonis
481 2503 647 2546 originem
660 2504 824 2536 ducebat.
846 2504 939 2536 Vide

231 2555 441 2588 Pausaniam
464 2555 499 2586 in
526 2554 766 2587 Corinthiacis.
811 2554 853 2586 In
875 2554 939 2586 hac

233 2606 318 2638 urbe
340 2610 523 2647 regnatum
546 2604 654 2638 fuisse
680 2605 774 2637 mille
800 2605 942 2637 circiter

233 2657 331 2689 aunis
348 2656 448 2688 testis
462 2661 517 2688 est
531 2655 775 2698 Apollodorus,
798 2659 836 2687 et
857 2655 939 2688 Cas-

232 2707 328 2738 toriu
345 2707 517 2748 excerptis
530 2706 659 2738 Euseb.
675 2709 713 2738 et
725 2705 821 2738 exiis
833 2705 940 2738 Chro-

234 2757 336 2790 nicon
352 2758 604 2790 Eusebisuum:
627 2757 692 2789 hoc
708 2760 762 2789 est
772 2755 837 2789 sub
851 2756 940 2798 regi-

995 982 1058 1016 bus
1082 986 1159 1018 96⁷.
1186 985 1241 1018 vel
1269 987 1344 1018 969.
1367 983 1431 1017 sub
1460 983 1698 1018 sacerdotibus

994 1035 1102 1068 tribus
1119 1040 1154 1068 et
1171 1037 1316 1078 triginta
1329 1036 1468 1068 vixisse.
1512 1036 1699 1070 Pausanias

993 1096 1076 1119 vero
1100 1087 1134 1119 in
1151 1087 1378 1120 Corinthiacis
1395 1090 1605 1128 postremum
1621 1096 1699 1129 reg-

993 1147 1093 1170 nasse
1114 1138 1333 1180 Zeuxippum
1349 1137 1470 1180 tradit,
1483 1147 1595 1181 eoque
1610 1147 1701 1171 mor·

992 1191 1053 1219 tuo
1065 1187 1355 1229 Agamemnonem
1365 1187 1561 1231 Sicyonium
1572 1198 1644 1221 rem
1656 1188 1706 1226 ad,

991 1239 1192 1281 Myceuaeos
1207 1238 1435 1272 transtulisse.

1036 1291 1097 1322 181
1122 1289 1189 1321 His
1203 1288 1361 1330 nmilnoe]
1391 1287 1536 1321 Adrasti
1549 1290 1697 1324 scilicet.

992 1339 1107 1381 Optat
1122 1340 1213 1372 enim
1228 1340 1296 1372 hoc
1312 1348 1414 1372 versu
1434 1342 1470 1371 et
1494 1339 1628 1372 duobus
1647 1349 1700 1373 se·

992 1390 1177 1432 quentibus
1187 1389 1338 1422 Adrasto
1345 1390 1453 1422 totius
1461 1387 1584 1422 mundi
1591 1389 1701 1432 impe-

994 1440 1093 1472 rium.
1139 1441 1287 1472 Isthmus
1315 1440 1405 1472 euim
1429 1441 1700 1483 Peloponnesios

992 1501 1068 1523 cum
1084 1491 1212 1524 ceteris
1229 1491 1362 1524 Graecis
1384 1491 1523 1533 alligat:
1556 1496 1701 1534 separat

992 1546 1109 1573 autem
1139 1541 1182 1574 ab
1210 1541 1332 1574 iisdem
1367 1542 1502 1574 alterno
1531 1542 1699 1584 margine,

991 1597 1139 1634 utroque
1185 1591 1350 1623 videlicet
1384 1592 1515 1630 littore,
1551 1593 1698 1635 reliquas

992 1648 1115 1685 gentes
1131 1642 1225 1675 orbis
1241 1646 1423 1674 terrarum.

1036 1697 1099 1726 182
1124 1694 1211 1731 Quas
1227 1692 1366 1725 Doricus
1379 1691 1495 1732 alligat
1505 1692 1599 1725 andis
1612 1692 1698 1724 Isth-

991 1746 1071 1786 mos]
1087 1746 1145 1778 De
1162 1744 1291 1776 Isthmo
1303 1743 1382 1775 vide
1392 1742 1452 1775 lib.
1467 1742 1636 1785 superiori
1649 1753 1699 1776 vs.

994 1798 1068 1828 120.
1113 1794 1268 1836 Doricus]
1289 1794 1319 1826 A
1343 1793 1584 1833 Doriensibus,
1601 1794 1700 1827 Dori·

992 1845 1046 1877 dis
1061 1845 1210 1887 regionis
1227 1843 1390 1876 Malliaco
1405 1843 1494 1875 sinui
1508 1843 1698 1885 adjacentis

993 1897 1142 1938 populis.
1185 1897 1299 1928 Dores
1322 1894 1413 1926 euim
1435 1903 1494 1925 seu
1511 1894 1699 1926 Dorienses

993 1946 1057 1979 hac
1079 1945 1218 1988 regione
1242 1943 1405 1987 profecti,
1418 1944 1564 1977 ducibus
1582 1946 1701 1978 'Hera-

993 1996 1093 2029 clidis
1120 2005 1181 2028 seu
1209 1995 1371 2027 Herculis
1397 1995 1561 2036 posteris,
1597 1996 1699 2028 Pelo·

994 2055 1194 2089 ponnesum,
1212 2046 1319 2087 pulsis
1344 2045 1534 2087 Pelopidis,
1558 2056 1701 2089 occupa·

993 2103 1117 2130 verunt
1131 2107 1140 2138 ς
1155 2097 1246 2140 quod
1273 2090 1402 2129 accidit
1423 2099 1478 2129 80.
1495 2097 1592 2129 annis
1619 2102 1700 2140 post

993 2149 1182 2190 Trojanum
1219 2147 1403 2180 excidium.
1461 2148 1699 2180 Tentaverant

995 2200 1133 2243 quidem
1150 2198 1347 2231 Heraclidae
1370 2197 1518 2230 reditum
1541 2198 1575 2230 in
1596 2198 1699 2231 Pelo-

995 2261 1181 2296 ponnesum
1216 2254 1295 2291 post
1321 2253 1467 2282 mortem
1505 2249 1702 2291 Eurysthei,

994 2303 1054 2335 sed
1072 2300 1215 2343 repulsi,
1229 2309 1321 2332 caeso
1343 2299 1448 2341 Hyllo
1473 2299 1635 2332 Herculis
1661 2299 1699 2331 fi-

992 2353 1051 2394 lio,
1067 2352 1158 2383 ausis
1183 2350 1397 2392 exciderant.
1444 2350 1559 2383 Vocat
1582 2350 1699 2392 itaque

994 2401 1106 2435 Poeta
1126 2400 1294 2433 Isthmum
1320 2400 1486 2442 Doricum,
1516 2410 1584 2432 non
1607 2399 1697 2443 quod

988 2453 1061 2495 jam
1085 2453 1194 2484 Dores
1211 2450 1486 2493 Peloponnesum
1501 2451 1699 2492 occupavis-

994 2508 1081 2542 sent,
1112 2503 1172 2535 sed
1201 2502 1283 2545 quia
1313 2506 1392 2543 post
1420 2505 1560 2533 centum
1591 2509 1697 2532 annos

994 2553 1080 2586 hanc
1096 2554 1271 2594 regionem
1292 2553 1528 2584 obtinuerunt.
1571 2549 1699 2592 alligat

993 2604 1102 2645 undis]
1139 2603 1291 2635 Isthmus
1321 2603 1411 2634 enim
1437 2601 1590 2644 undique
1614 2602 1698 2634 mari

995 2655 1303 2691 circumscribitur,
1339 2653 1414 2686 nisi‘
1441 2663 1510 2696 qua
1537 2653 1700 2695 jungitur

995 2705 1134 2738 Helladi
1151 2714 1211 2737 seu
1227 2704 1386 2736 Graeciae.

1039 2759 1102 2790 183
1125 2757 1169 2789 Et
1183 2757 1303 2789 alterno
1317 2764 1392 2798 quas
1406 2755 1549 2796 margine
1568 2763 1701 2788 summo·
