1820 3068
228 232 315 277 878
726 242 770 272 r.
801 223 996 273 §Amr-111
1032 239 1201 273 sTA‘rn

229 335 428 393 Cuspide
449 334 639 391 praefixa
659 338 751 378 stat
764 335 1000 378 frondibus
1021 336 1134 378 orba
1153 348 1406 390 cupressus.

230 406 354 448 Huic
374 418 527 460 parere
549 404 656 455 dati,
677 417 793 459 quos
814 405 973 447 fertilis
993 403 1305 460 Amphigenia,

228 474 461 527 Planaque
485 471 711 523 Messene,
732 477 1035 528 montanaque
1053 472 1193 514 nutrit
1212 472 1404 523 Ithome,

228 539 359 591 Quos
373 540 555 589 Thrion,
574 543 620 581 et
640 540 826 581 summis
846 540 1068 593 ingestum
1086 539 1311 582 montibus
1332 540 1472 594 AEpy,

230 606 359 658 Quos
381 606 543 657 Helos,
563 610 610 648 et
628 605 834 658 Pteleon,
854 605 1022 649 Getico
1043 619 1155 661 quos
1173 606 1326 649 flebile
1343 607 1439 650 vati

1611 536 1698 581 180

226 723 277 755 ini
301 723 374 761 soli,
396 726 493 755 exuta
517 723 628 763 ramis,
650 724 755 755 horret
771 724 862 763 ferro
884 724 1028 766 praeefixo.
1075 715 1164 756 Huic
1180 724 1325 765 Capaneo
1342 723 1427 762 jussi
1441 727 1515 755 aunt
1528 723 1651 756 obedire
1664 723 1699 755 1ιὶ

227 775 302 807 quos
316 765 415 803 ferax
429 765 655 807 Amphigenia,
676 771 708 799 et
723 767 872 799 Messana
887 768 922 798 in
942 766 1077 808 planitie
1089 768 1166 807 sita,
1187 770 1218 798 et
1233 770 1380 804 montana
1398 766 1518 798 Ithome
1530 768 1602 806 alit,
1623 776 1700 807 quos

230 809 359 849 Tin-ion,
380 812 412 841 et
434 809 521 851 AEpy
546 809 706 841 conditum
730 811 766 842 in
787 820 906 842 summo
931 813 1046 850 monte,
1067 819 1142 851 quos
1168 809 1282 851 Helos,
1299 812 1391 851 atque
1415 809 1559 850 Pteleon,
1578 812 1610 842 et
1623 818 1700 852 quos

842 903 1082 917 oooooooooo

226 978 298 1001 arce
323 967 417 1010 conj.
439 968 558 1008 etiam,
582 972 764 1003 ‹ere—477
788 969 955 1002 Nonnulli
972 969 1075 1003 codd.
1096 970 1172 1002 orba
1193 979 1378 1011 cypressum
1400 973 1546 1012 uterque
1571 969 1698 1003 Behot.

225 1012 301 1043 orba
315 1021 478 1053 cupressus
492 1023 506 1050 ‚·
530 1012 733 1044 Paschalins
749 1013 791 1045 de
804 1014 949 1046 Coronis
965 1013 1025 1046 lib.
1041 1022 1094 1045 ιν.
1111 1022 1188 1054 cap.
1203 1015 1244 1044 17
1249 1035 1258 1046 .
1271 1012 1376 1054 legit:
1398 1014 1466 1044 alta
1479 1021 1698 1053 cupressus.-

227 1057 291 1087 1⁷8
313 1055 404 1086 Huic
428 1064 541 1096 parere
562 1056 636 1088 duci
661 1066 747 1088 unus
769 1057 880 1089 codex
901 1057 1233 1088 Barthianus.—-179
1255 1055 1420 1097 Planaque
1434 1056 1580 1087 Messena
1602 1056 1696 1087 Dan.

228 1097 312 1130 Put.
340 1098 464 1129 Petav.
490 1098 599 1139 Lang.
616 1099 717 1131 Laur.
735 1099 868 1131 Buslid.
891 1099 1045 1140 Lipsian.
1059 1098 1164 1131 Aldd.
1178 1097 1291 1130 Colin.
1307 1098 1440 1140 Gryph.
1457 1097 1563 1130 Basil.
1580 1097 1699 1130 Plant-

227 1139 373 1172 Gevart.
398 1140 631 1182 Lindenbrog.
657 1146 694 1173 et
722 1142 825 1174 Cruc.
852 1142 1002 1174 Massam·
1018 1151 1104 1173 unus
1118 1141 1246 1173 Behot.
1268 1141 1413 1173 Messene
1428 1140 1588 1174 Petrens.
1609 1140 1699 1172 alter

226 1181 351 1215 Behot.
368 1183 437 1220 alii,
455 1193 532 1215 cum
545 1183 625 1217 edd.
641 1183 788 1216 Amstel.
815 1184 970 1217 Gronov.
995 1184 1120 1216 Barth.
1142 1184 1255 1216 Veen.
1282 1188 1321 1216 et
1349 1183 1475 1224 Delph.
1499 1186 1698 1224 montosaque

226 1225 309 1258 Pur.
333 1226 444 1258 Itlwne
458 1228 550 1258 Dan.
566 1227 650 1259 Put.
668 1227 791 1259 Petav.
808 1227 918 1268 Lang.
945 1228 1046 1259 Laut.
1069 1227 1202 1259 Busiid.
1223 1226 1376 1268 Lipsian.
1398 1231 1543 1268 uterque
1570 1225 1697 1258 Behot.

227 1267 332 1300 Aldd.
348 1269 456 1300 colio.
472 1269 606 1311 Gryph.
628 1270 735 1303 Basil.
759 1270 877 1304 Plant.
902 1269 1136 1309 Lindeubrog.
1163 1268 1324 1302 Grasser.
1356 1268 1501 1301 Gevart.
1529 1273 1566 1300 et
1595 1268 1699 1300 Cruc.

226 1309 348 1343 Ithome
373 1312 527 1344 Gronov.
541 1317 578 1344 et
594 1315 851 1346 reccath—180
875 1313 962 1349 Quos
976 1313 1095 1344 Thiron
1110 1313 1233 1345 Behot.
1248 1315 1280 1345 1.
1302 1312 1347 1344 Et
1365 1311 1482 1343 Tlu-ion
1497 1308 1697 1343 Priscianus

228 1353 399 1396 principio
415 1354 477 1388 lib.
494 1364 546 1387 vr.
562 1359 598 1387 et
622 1358 800 1388 vn.—181
824 1358 833 1374 ‘
847 1356 890 1388 In
918 1355 1155 1398 antiquissimo
1178 1355 1265 1388 libro
1294 1359 1373 1392 est..
1390 1354 1477 1391 Quos
1502 1354 1584 1387 Elon
1596 1364 1611 1393 ,-
1634 1351 1695 1386 sed

892 1451 923 1484 N
929 1451 1037 1484 OTAE

269 1529 331 1559 177
357 1527 544 1569 Cupressum]
566 1527 819 1569 Hyperbolice,
834 1528 935 1561 hasta

226 1587 270 1610 ex
284 1587 460 1619 cupressu.

270 1631 333 1661 178
355 1628 584 1670 Amphigenia]
621 1628 853 1671 Amphigenia
875 1640 936 1672 op-

228 1679 345 1722 pidum
360 1679 558 1722 Messeniae‚
569 1689 613 1711 ex
628 1679 779 1712 Homero
791 1687 829 1713 et
839 1680 935 1713 Stra-

225 1730 325 1762 bone.

269 1782 334 1812 179
365 1779 529 1822 planaque
570 1779 732 1822 Messene]
771 1781 933 1813 Messene

192 1836 194 1839 ’
225 1830 308 1862 urbs
321 1831 482 1871 primaria
493 1830 688 1863 Messeniae.
732 1830 858 1863 Strabo
873 1830 932 1862 lib.

226 1891 252 1914 1.
264 1881 372 1913 tradit
381 1881 508 1914 nullam
524 1881 629 1913 fuisse
644 1881 679 1912 in
692 1881 934 1922 Peloponneso

224 1933 359 1974 urbem,
373 1942 452 1975 quae
466 1933 630 1965 Messene
657 1932 817 1965 Heroicis
836 1932 935 1964 belli-

225 1994 294 2026 que
322 1984 461 2025 Trojaui
489 1984 706 2025 temporibus
739 1987 935 2016 vocaretur.

225 2035 324 2068 Idem
350 2034 460 2066 tradit
486 2034 674 2067 Pausanias
697 2034 731 2066 in
747 2033 936 2065 Messenia-

225 2087 287 2119 cis.
340 2086 399 2118 Sic
429 2086 536 2128 igitur
565 2094 638 2117 rem
679 2089 820 2117 narrant
854 2085 935 2116 illi:

224 2136 419 2169 Messenios
453 2145 474 2167 a
508 2135 784 2168 Lacedaemoniis
816 2135 938 2175 victos,

225 2188 328 2221 domo
355 2187 607 2229 penatibusque
634 2186 776 2227 relictis,
799 2185 936 2217 Italiam

225 2239 380 2281 petiisse,
404 2238 568 2280 illincque
587 2237 622 2269 in
645 2237 799 2270 Siciliam
823 2241 936 2268 trans-

227 2294 357 2329 vectos,
367 2289 566 2320 Messanam
580 2287 788 2320 condidisse.
831 2286 935 2318 Frac-

227 2340 272 2371 tis
292 2348 375 2371 vero
391 2338 579 2371 Leuctrica
603 2337 703 2370 clade
727 2339 863 2378 Spartae
879 2346 934 2368 ur-

225 2388 280 2420 bis
295 2388 430 2429 opibus,
439 2387 620 2419 Thebanos
635 2387 786 2419 victores
802 2387 934 2418 Messe-

224 2440 291 2472 niis
308 2440 536 2482 persuasisse,
550 2443 590 2472 nt
614 2439 649 2471 in
674 2439 820 2481 patriam
843 2437 934 2469 redi-

226 2496 330 2524 rent:
354 2492 415 2523 hos
431 2491 590 2533 antiquas
614 2489 714 2522 sedes
739 2489 934 2530 repetiisse,

225 2543 412 2575 Messenen
428 2545 501 2574 tum
517 2541 664 2582 primum
688 2540 808 2572 urbem
826 2537 934 2571 aedifi·

225 2601 323 2624 casse
340 2601 380 2624 ac
407 2591 575 2623 moenibus
598 2591 759 2623 cinxisse.
802 2590 934 2621 Verum

226 2643 375 2684 Papinio
397 2643 631 2684 astipulantur
657 2646 815 2674 auctores
838 2644 933 2673 utro-

227 2702 295 2736 que
309 2698 347 2725 et
360 2693 530 2726 Strabone
551 2698 587 2725 et
599 2692 771 2724 Pausania
786 2690 933 2724 vetusti-

226 2752 321 2775 ores:
342 2743 517 2774 Isocrates
530 2742 635 2778 enim,
650 2742 686 2774 in
697 2740 934 2774 Panathenai-

226 2803 268 2825 co
293 2797 329 2825 et
354 2791 578 2832 Archidamo,
599 2792 785 2824 Messenen
810 2790 931 2822 urbem

987 1527 1167 1566 Herculis,
1195 1525 1429 1567 Heroicisque
1457 1525 1527 1557 illis
1559 1524 1695 1557 saeculis

989 1579 1148 1610 extitisse
1163 1581 1330 1610 testatur.
1357 1576 1462 1608 Plato
1478 1575 1522 1607 de
1537 1575 1698 1616 Legibus,

989 1628 1049 1661 lib.
1079 1637 1138 1660 ιιι.
1173 1628 1318 1669 loquens
1343 1626 1389 1659 de
1418 1626 1634 1667 Cresphonte
1657 1631 1694 1658 et

988 1680 1154 1719 Temeno,
1204 1678 1284 1710 filiis
1325 1677 1568 1717 Aristomachi,
1611 1677 1698 1710 dicit

989 1739 1048 1762 eos
1078 1729 1238 1760 divisisse
1268 1729 1399 1770 copias,
1425 1738 1466 1760 ac
1495 1732 1568 1760 tres
1595 1727 1697 1759 urbes

989 1781 1198 1820 Messenam,
1211 1778 1341 1820 Argos,
1365 1782 1402 1811 et
1421 1779 1579 1820 Spartam
1594 1787 1696 1810 ocem

989 1832 1136 1873 pavisse.
1178 1830 1381 1862 Theocritus
1408 1829 1513 1872 Idyll.
1528 1837 1636 1861 xxvi.
1660 1833 1698 1860 et

991 1882 1138 1915 Ovidius
1153 1881 1242 1914 Met.
1257 1890 1309 1914 vl.
1353 1882 1550 1914 Messeniam
1571 1885 1608 1913 et
1630 1879 1697 1913 Ar·

990 1943 1050 1974 gos
1076 1932 1169 1964 inter
1197 1931 1300 1965 urbes
1325 1930 1475 1964 Achaeas
1501 1935 1697 1963 numerant.

989 1983 1056 2015 His
1071 1983 1162 2015 adde
1174 1982 1348 2016 Justinum
1361 1987 1399 2014 et
1417 1980 1621 2013 Diodorum.
1651 1980 1698 2012 E·

990 2038 1045 2066 rat
1059 2038 1096 2065 et
1117 2033 1200 2066 urbs
1225 2033 1257 2074 ej
1265 2032 1384 2065 usdem
1399 2031 1545 2063 nominis
1559 2031 1593 2062 in
1609 2030 1698 2063 Sici-

990 2084 1038 2116 lia
1050 2083 1294 2125 cognominata
1321 2080 1557 2114 ‘Mamertia.’
1601 2081 1697 2113 Mon·

991 2138 1124 2176 unaque
1150 2134 1253 2167 nutrit
1279 2133 1417 2174 Ithome]
1437 2133 1570 2165 Ithome
1598 2132 1697 2174 oppi-

991 2185 1071 2218 dum
1102 2185 1255 2227 eJusdem
1291 2185 1490 2223 Messenia,
1528 2182 1694 2214 dissimile

990 2236 1166 2268 Messcnae
1182 2244 1194 2274 ς
1218 2244 1295 2266 nam
1309 2238 1349 2266 ut
1363 2233 1446 2265 urbs
1461 2233 1522 2264 illa
1535 2233 1572 2264 in
1585 2232 1694 2274 plani·

989 2289 1039 2320 tie
1061 2288 1129 2319 sita
1150 2290 1238 2326 erat,
1269 2286 1320 2318 ita
1347 2290 1385 2318 et
1410 2285 1488 2318 hac
1513 2285 1550 2316 in
1577 2288 1694 2316 monte

988 2337 1141 2380 ejusdem
1172 2336 1333 2376 nominis,
1364 2335 1447 2369 Jovi
1483 2339 1696 2371 consecrato,

987 2388 1156 2421 collocata
1183 2390 1273 2419 erat.
1314 2384 1394 2418 Hoc
1423 2385 1590 2427 oppidum
1613 2387 1696 2426 post

988 2439 1109 2471 decem
1126 2447 1291 2470 annorum
1318 2435 1528 2469 obsidionem
1553 2444 1575 2466 a
1590 2435 1697 2467 Lace-

987 2488 1164 2520 daemoniis
1186 2490 1423 2528 expugnatum
1439 2494 1480 2517 ac
1501 2485 1536 2516 in
1551 2480 1694 2516 deditio·

986 2548 1066 2571 nem
1106 2542 1299 2579 receptum.
1356 2535 1447 2568 Vide
1484 2532 1692 2570 Pausaniam

988 2587 1230 2620 Messeniacis.

1030 2641 1094 2671 180
1119 2638 1248 2678 Τὴνὶοπ,
1262 2634 1366 2678 AEpy]
1387 2632 1531 2677 oppida
1541 2631 1693 2675 ejusdem

986 2688 1187 2721 Messeniae.

1030 2740 1092 2770 181
1131 2735 1248 2776 Helos]
1287 2733 1474 2767 Messenioe
1514 2731 1693 2774 oppidum,

984 2788 1077 2831 quod
1092 2786 1306 2829 aSpartanis
1331 2785 1484 2817 dirutum
1504 2788 1571 2825 est,
1595 2787 1634 2815 et
1647 2791 1692 2815 σε
