1820 3068
638 197 740 230 'mn
748 197 927 230 samos
955 197 1056 229 mn.
1085 196 1120 228 1.

1519 189 1605 232 631

155 293 287 337 Nunc
300 293 492 348 geminas
509 291 668 346 punire
685 291 862 343 domos,
882 293 983 346 quis
1001 292 1230 347 sanguinis
1247 297 1403 337 auctor

154 359 264 416 Ipse
280 373 380 415 ogo,
398 358 638 402 descendo.
691 358 883 401 Perseos
901 359 1012 402 alter
1030 359 1078 401 in
1096 359 1245 414 Argos

1519 361 1607 405 225

154 426 391 478 Scinditur,
411 425 582 470 Aonias
600 425 699 469 fluit
715 426 787 469 hic
806 427 866 469 ab
885 426 1056 481 origine
1075 427 1274 471 TbebaS.

151 536 321 568 bucinam
366 536 777 577 Nmipseegodescenao‚
799 538 1403 581 uupplieioqfficiamdmsaemilias,
1424 539 1606 582 qaam-igi.

150 580 483 612 mandant.
530 579 603 612 Una
626 579 858 621 rqnstdrgs's
881 581 1604 622 pendanum-himioqu

756 675 876 688 ”9000

878 676 996 689 eeeeee

148 738 546 780 interroganda-124
570 740 734 773 Nonnulli
744 741 1053 793 codd.Bartbimi:
1075 743 1238 783 maiza:
1247 745 1452 793 adon—125
1476 742 1602 792 Behot.

151 780 260 813 Laud.
280 781 431 822 Lipsian.
456 783 588 815 Buslid.
610 783 689 815 Ald.
711 787 743 817 2.
769 785 866 827 (Md.
895 788 926 817 1.
953 796 987 818 ιιι
1013 785 1168 827 erratis.)
1192 787 1305 820 Colm.
1332 786 1466 829 Gryph.
1493 785 1603 818 Basil.

149 822 267 857 Plant.
293 824 450 857 Grasser.
475 830 512 858 et
536 826 677 859 Gevm.
696 827 731 859 ia
750 837 867 868 agros,-

889 828 1051 861 Petrens.
1074 830 1181 869 hang.
1207 831 1299 862 Dan.
1327 830 1451 863 Petsv.
1474 828 1555 861 Am.
1570 831 1600 861 l.

147 865 381 910 lindenbross.
393 867 496 901 Cruc.
510 867 657 902 Amstel.
676 869 829 904 Gronov.
843 876 880 904 et
901 877 1048 904 recentt.
1067 872 1103 904 in
1126 874 1242 913 Argos,
1256 872 1348 916 quod
1373 873 1496 915 probat
1517 872 1603 904 Ber-

789 961 931 995 NOTAE

147 1025 230 1054 tune
242 1023 426 1064 regnabat3
438 1030 475 1057 et
490 1025 683 1058 summersis
693 1027 846 1060 omuibus

147 1073 319 1114 regionem
343 1075 435 1107 illam
455 1075 699 1117 habitantibus,
719 1081 847 1119 praeter

146 1122 290 1166 aliquos,
301 1124 359 1166 qni
373 1125 416 1157 ad
434 1125 560 1157 vicinos
582 1131 714 1160 montes
728 1127 845 1160 confu-

146 1178 280 1215 gerant,
293 1175 368 1217 ipse
379 1176 471 1208 solus
486 1186 562 1208 cum
576 1187 685 1211 uxore
697 1177 844 1220 Pyrrha,

146 1228 266 1257 vectus
290 1235 397 1267 parva
419 1232 507 1266 rate,
531 1228 688 1271 interque
714 1229 840 1263 fluctus

144 1275 412 1317 variejaetatus.
433 1277 571 1310 tandem
588 1284 665 1320 post
684 1279 758 1312 dies
780 1290 840 1313 no-

144 1333 222 1358 vem
250 1326 294 1358 ad
324 1333 473 1360 montem
499 1328 707 1362 Parnassum
733 1340 841 1372 appu-

141 1375 224 1409 11⁸oe
250 1376 387 1411 dicitnr.
432 1378 510 1410 Hoc
534 1384 648 1412 antem
675 1380 841 1414 diluvium

143 1426 263 1459 eodem
288 1437 390 1469 anno,
414 1429 572 1462 nimirum
594 1434 649 1463 33.
673 1432 837 1475 Cecropis

138 1475 402 1511 Atheniensium
425 1480 529 1521 regis,
552 1491 619 1523 quo
645 1482 838 1519 incendium

141 1527 366 1562 Phaethontis
387 1531 556 1563 accidisse
576 1532 718 1565 tradunt
733 1535 837 1567 Euse-

140 1576 264 1610 bintin
279 1579 460 1622 Chronico,
473 1586 511 1613 et
520 1581 668 1622 Cyrinus
682 1583 716 1615 in
730 1584 754 1617 J
758 1585 839 1617 ulia·

140 1635 222 1660 nusn
235 1629 293 1661 lib.
307 1638 334 1661 r.

181 1681 248 1711 224
263 1679 371 1721 Nune]
387 1679 457 1712 Ubi
470 1690 575 1723 supra
586 1682 727 1724 Jupiter
740 1695 837 1727 ques-

140 1730 197 1759 tus
211 1734 265 1760 est
278 1730 463 1770 generatim
477 1731 521 1764 de
530 1734 741 1775 mortalibus,
747 1746 837 1770 nunc

139 1778 316 1819 speciatim
327 1781 482 1821 queritur
495 1781 539 1813 de
553 1785 740 1818 sceleribus
749 1787 836 1819 ‘rhe-

140 1826 304 1860 banorun
318 1839 360 1862 ac
374 1829 590 1873 Argivorum.
636 1835 732 1878 Quis]
753 1837 835 1877 Pro,

137 1879 271 1921 quibus.
306 1880 495 1925 Sangui-is]
516 1884 661 1926 Sanguis
677 1888 732 1919 bie
754 1889 832 1921 stir-

138 1938 230 1970 pem,
242 1932 451 1973 progeniem,
465 1943 573 1975 genus
586 1936 769 1977 siguificat.

179 1982 243 2012 28⁵
274 1981 451 2023 Danao]
482 1984 519 2015 Si
543 1985 687 2026 profana
711 1988 832 2022 divinis

136 2029 280 2063 miseere
299 2032 415 2072 liceat,
430 2033 550 2066 eadem
565 2045 648 2068 voce
669 2039 777 2071 utitur
799 2041 834 2072 in

134 2079 319 2122 Scriptura·
329 2082 437 2124 Dens,
452 2093 529 2116 cum
548 2085 592 2117 de
608 2091 704 2121 turre
717 2089 832 2133 Baby-

136 2131 249 2165 lonica
284 2133 494 2168 destruenda
529 2138 699 2180 loquitur:
737 2143 748 2160 ‘
760 2142 830 2174 De-

135 2182 360 2216 mandamus:
403 2186 550 2219 Rabbini
576 2187 692 2223 ferunt
715 2192 829 2225 Deum

137 2229 235 2263 initio
249 2237 373 2265 terram
394 2235 578 2279 habitasse,
591 2240 650 2272 sed
678 2250 757 2274 mox
779 2244 828 2275 in-

134 2278 267 2314 feun-
291 2283 482 2318 hominibns
516 2295 658 2331 propter
684 2294 827 2334 scelera,

135 2332 315 2373 repetiisse
335 2336 470 2376 coelnm,
491 2342 529 2370 et
548 2341 747 2384 quandoque
769 2344 827 2377 de-

134 2382 312 2423 scendere,
333 2384 490 2418 inductus
507 2388 668 2423 bonorum
684 2394 826 2434 pietate.

134 2433 268 2466 ΡΜ
278 2435 360 2467 auur
375 2436 411 2468 ι’·
423 2437 530 2478 Argoa
542 2439 717 2484 Seianam
727 2445 826 2479 Aoni-

132 2483 378 2525 ummah
397 2489 520 2529 orig-iae
540 2491 675 2536 Thebas]
707 2495 826 2530 Iunuit

132 2532 272 2575 Jupiter
285 2536 348 2569 boc
363 2538 464 2571 modo
479 2540 650 2584 loquendi,
661 2554 698 2577 se
708 2552 824 2580 aueto-

132 2593 205 2616 rem
226 2595 300 2619 esse
319 2587 462 2622 duarum
482 2590 695 2636 familiarum,
712 2598 826 2639 unius,

133 2642 211 2675 quas
233 2635 335 2679 Argis
360 2639 553 2684 imperavit,
578 2653 644 2685 per
669 2646 824 2682 Danaum

132 2681 237 2717 filium
250 2685 338 2728 Beli,
348 2689 405 2730 qui
419 2690 523 2724 Belus
536 2692 625 2726 filius
640 2701 716 2728 erat
731 2697 825 2740 Nep·

135 2733 209 2766 tani
233 2744 276 2768 ex
299 2737 407 2781 libya
429 2740 502 2775 filia
526 2745 674 2788 Epaphi,
696 2748 753 2790 qni
778 2758 823 2781 ex

898 1028 988 1061 Jove
1002 1034 1038 1061 et
1062 1029 1103 1061 Io
1127 1035 1329 1070 procreatus
1343 1034 1441 1071 erat;
1462 1036 1500 1063 et
1515 1031 1601 1063 alte-

899 1080 983 1119 rins,
997 1090 1074 1122 quae
1090 1081 1245 1114 substitit
1256 1086 1293 1113 st
1308 1081 1536 1123 principatum
1550 1086 1601 1115 te·

897 1131 974 1161 nuit
1002 1131 1093 1172 apud
1114 1131 1250 1163 Thebas
1271 1141 1291 1163 a
1317 1132 1435 1173 primis
1457 1131 1600 1174 hujusce

896 1180 991 1212 urbis
1006 1181 1209 1221 primordiis.
1238 1181 1328 1214 Nam
1341 1181 1490 1215 Cadmus
1505 1183 1600 1224 priu-

894 1230 1056 1273 cipesqne
1081 1231 1235 1264 Thebani
1254 1233 1359 1265 etiam
1380 1243 1402 1265 a
1417 1233 1507 1267 Jove
1530 1235 1599 1266 ori-

894 1281 1008 1322 ginem
1034 1281 1220 1323 ducebant,
1243 1293 1306 1325 per
1335 1284 1480 1316 eundem
1507 1285 1599 1326 Epa-

894 1331 1012 1373 phum,
1037 1333 1134 1375 cujus
1159 1332 1232 1366 filia
1265 1334 1375 1376 Libya
1402 1335 1521 1376 genuit
1551 1345 1597 1368 ex

896 1382 1059 1423 Neptuno
1086 1384 1224 1425 Belum,
1239 1384 1284 1418 de
1315 1395 1384 1428 qno
1413 1395 1530 1427 supra,
1559 1391 1598 1418 et

893 1430 1089 1474 Agenorem
1118 1439 1252 1475 patrem
1281 1436 1414 1468 Cadmi.
1465 1436 1596 1470 Perseos

890 1484 1013 1526 Argos]
1039 1486 1160 1527 Argos,
1180 1487 1302 1519 nobilis
1325 1493 1361 1520 et
1385 1494 1485 1520 vetus
1509 1488 1592 1520 urbs

891 1535 1120 1577 Peloponnesi
1130 1537 1164 1569 in
1172 1538 1494 1580 regioneArgoliea:
1506 1539 1594 1580 Hip·

891 1586 987 1628 pium
1017 1588 1325 1629 cognominabatur
1353 1590 1398 1622 ab
1426 1600 1594 1632 equorum

890 1638 1100 1679 praestantia.
1142 1639 1252 1672 Erant
1275 1645 1313 1672 et
1335 1640 1411 1672 aliae
1436 1640 1593 1682 ejusdem

890 1687 1034 1720 nominis
1043 1689 1144 1722 urbes
1153 1700 1164 1722 t
1180 1690 1216 1722 in
1223 1690 1396 1723 'Riessalia
1405 1690 1515 1733 Argos
1525 1692 1593 1724 Pe-

889 1738 1053 1780 lasgicnm
1073 1741 1297 1782 appellatum,
1316 1742 1399 1774 ita·
1424 1743 1460 1775 in
1484 1743 1592 1775 Acar·

890 1791 1012 1831 nani-3
1034 1791 1102 1823 alia
1123 1792 1272 1835 deniqne
1292 1794 1326 1824 in
1343 1792 1482 1835 Apulia,
1506 1805 1591 1836 opus

889 1840 1076 1882 Diomedis,
1111 1843 1215 1884 vulgo
1244 1843 1444 1886 Argirippa.
1500 1845 1590 1877 Vide

885 1890 1095 1931 Stephanum
1105 1892 1150 1924 de
1160 1893 1325 1926 Urbibus.
1341 1894 1492 1935 Perseos]
1504 1894 1590 1926 Per-

886 1940 935 1971 sei
949 1941 1110 1974 dicuntur
1126 1942 1222 1984 Argi,
1244 1953 1265 1975 a
1285 1944 1417 1977 Perseo
1430 1945 1530 1979 Jovis
1551 1951 1590 1979 et

885 1991 1024 2023 Dansiis
1038 1991 1123 2033 filio,
1136 1994 1197 2036 qui
1213 1994 1318 2035 Argis
1337 1995 1530 2038 imperavit,
1550 2002 1589 2029 et

887 2041 1016 2073 relictis
1055 2043 1156 2084 Argis
1193 2044 1372 2085 imperinm
1410 2047 1588 2080 transtulit

886 2091 1066 2133 Mycenas,
1081 2103 1182 2135 quam
1196 2094 1316 2127 urbem
1330 2095 1543 2128 condiderat.

925 2145 991 2175 226
1009 2143 1190 2185 Scinditur]
1211 2145 1309 2176 Bene
1323 2145 1491 2187 windam,
1506 2148 1586 2189 qnia

882 2192 987 2234 stirps
1000 2194 1099 2227 Jovis
1115 2204 1179 2236 per
1194 2195 1350 2236 Libyam,
1364 2206 1466 2238 qnam
1481 2207 1586 2239 supra

883 2242 1042 2284 diximus,
1066 2245 1171 2276 filiam
1194 2245 1341 2286 Epaphi,
1356 2246 1461 2279 scissa
1481 2249 1585 2280 estin

881 2293 1032 2334 Belidas,
1045 2304 1106 2326 seu
1121 2301 1277 2336 posteros
1291 2296 1382 2336 Beli,
1396 2302 1433 2329 et
1447 2296 1585 2337 Ageno-

881 2344 972 2376 ridas
987 2355 1047 2377 seu
1064 2350 1218 2386 posteros
1231 2345 1414 2387 Agenoris,
1429 2353 1467 2379 ut
1478 2357 1584 2388 supra

880 2395 1083 2428 notavimus.
1124 2397 1331 2436 Metapbora
1345 2397 1450 2429 ducta
1473 2407 1495 2429 a
1517 2397 1582 2431 fln-

878 2446 946 2487 vio,
958 2447 1016 2488 qui
1033 2447 1067 2478 in
1082 2447 1197 2488 plures
1213 2448 1301 2477 rivos
1316 2446 1489 2480 dividitur.
1532 2449 1581 2482 Et

877 2495 1031 2528 imitatus
1052 2502 1109 2529 est
1124 2496 1234 2528 Poeta
1249 2495 1429 2536 Virgilium
1444 2496 1580 2531 AEneid.

858 2569 866 2576 ,
877 2556 959 2580 vm.
974 2549 986 2567 ⁸
997 2549 1054 2580 Sic
1078 2557 1185 2588 genus
1209 2546 1383 2578 smborntn
1402 2548 1530 2582 scindit
1542 2559 1580 2583 se

878 2599 1045 2639 sanguine
1074 2598 1117 2628 ab
1146 2596 1240 2628 uno.'
1282 2597 1405 2630 Aonias
1420 2598 1501 2640 fluit
1528 2601 1581 2633 bic

877 2648 1043 2688 abor-igine
1051 2648 1185 2690 Thebae]
1209 2648 1448 2692 Subintellige,
1466 2653 1578 2692 apud:

869 2698 949 2739 fluit
963 2698 1027 2738 hic,
1042 2698 1134 2740 apud
1149 2699 1270 2731 Aonias
1285 2698 1405 2732 nobas
1417 2700 1458 2732 ab
1475 2701 1576 2741 orig-i-

877 2761 927 2784 ιιι.
942 2749 1069 2782 Tbebae
1081 2748 1201 2783 Aonia
1207 2749 1314 2783 dieta
1327 2756 1406 2784 sunt
1417 2751 1461 2784 ab
1471 2751 1575 2784 Aoni·
