1820 3068
231 221 345 264 1036
734 233 774 265 Ρ.
808 234 1002 266 nemu
1037 234 1203 267 s‘rA‘rn

231 328 391 371 Fertur
411 339 539 378 avos,
561 327 800 382 Nymphas
821 330 952 372 etiam
972 333 1168 372 mutasse
1189 324 1427 384 superstes,
1638 334 1698 376 95

235 395 576 449 Faunorumque
598 408 763 449 greges.
823 395 994 438 Aderat
1013 397 1264 440 miserabile
1283 398 1387 440 luco

232 463 497 506 Excidium:
528 462 678 516 fugere
699 463 822 515 ferae,
840 465 1060 519 nidosque
1080 469 1280 520 tepentes

233 530 464 573 Absiiiunt
483 529 647 585 (metus
668 535 805 584 urget)
824 544 946 573 aves.
995 531 1134 573 Cadit
1154 533 1293 575 ardua
1311 533 1468 587 fagus:

232 597 566 651 Chaoniumque
585 610 755 649 nemus,
774 599 1033 653 brumaeque
1052 600 1197 641 illaesa
1217 614 1471 655 cupressus,

231 665 537 707 Procumbunt
556 665 715 718 piceae,
737 665 929 707 flammis
948 666 1164 708 alimenta
1184 670 1421 722 supremis,

233 733 448 788 Ornique,
469 732 701 787 iliceaeque
722 735 887 785 trabes,
907 728 1233 789 metuendaque
1253 748 1392 779 succo

231 802 404 851 Taxus,
425 803 471 841 et
488 800 697 843 infandos
717 802 823 844 belli
843 807 1008 856 potura
1028 815 1209 844 cruores

233 868 474 921 Fraxinus,
497 874 632 923 atque
652 870 739 911 situ
759 883 848 912 non
865 871 1160 925 expugnabile
1181 872 1328 913 robur.

1609 644 1697 713 100

231 1009 328 1043 etiam
357 1010 556 1050 supervivens
583 1013 715 1043 mutasse
746 1011 920 1053 Nymphas,
944 1014 981 1044 ut
1003 1012 1237 1046 multitudinem
1257 1006 1449 1047 Fauizonon.
1493 1015 1696 1057 Deploranda

178 1082 183 1086 .
231 1054 336 1085 clades
360 1054 528 1086 advenerat
550 1055 657 1095 sylvae.
702 1055 887 1095 Migravere
903 1055 1029 1092 bestiam
1050 1059 1081 1087 et
1095 1057 1232 1088 volucres
1245 1057 1368 1088 evolant
1381 1067 1398 1089 e
1413 1059 1590 1099 tepentibus
1602 1059 1698 1097 nidis,

233 1096 329 1127 timor
343 1106 395 1127 eus
408 1097 489 1136 agit.
535 1097 672 1128 Excelsa
681 1097 783 1136 sagus
798 1098 925 1136 labitur,
941 1101 974 1130 et
987 1108 1116 1138 quercus
1134 1099 1295 1139 ΟΙιαοηίω,
1307 1109 1526 1142 expressusque
1538 1102 1578 1134 ab
1588 1102 1699 1144 hyeme

232 1137 397 1180 inoffensa,
414 1149 451 1170 uc
464 1139 572 1180 piceae,
585 1150 654 1181 quae
669 1141 746 1171 dant
766 1141 881 1181 pabula
896 1141 1021 1180 ignibus
1038 1141 1238 1180 funebribus,
1259 1147 1512 1185 prosternuntur,
1526 1148 1558 1176 et
1571 1145 1653 1185 orni,
1667 1149 1699 1176 et

229 1182 329 1224 ilices,
343 1185 375 1214 et
389 1185 485 1214 taxus
498 1192 588 1215 succo
610 1182 764 1224 timenda,
779 1186 808 1216 el
822 1182 975 1223 fraxinus
989 1183 1127 1216 bibitura
1140 1184 1297 1223 nefarium
1308 1187 1491 1226 mngztinem
1503 1187 1698 1228 ,ποιέοι-κω,

844 1287 1083 1302 ‘0001‘000000

228 1367 379 1399 incoedua.
424 1365 516 1398 Vide
531 1364 611 1398 Nic.
628 1363 813 1398 Heinsium
828 1366 870 1398 ad
887 1367 993 1400 Ovid.
1011 1368 1103 1400 Fast.
1119 1377 1147 1399 1.
1172 1377 1207 1409 p.
1223 1370 1365 1400 12.—98
1387 1369 1551 1401 Adsiliunt
1565 1367 1697 1401 Fut.—

230 1413 274 1441 99
291 1410 414 1441 Behot.
430 1411 461 1440 1.
487 1409 580 1440 Dan.
605 1409 730 1440 Petav.
755 1409 863 1451 Lang.
879 1411 983 1442 Laur.
999 1411 1129 1443 anlid.
1145 1411 1296 1452 Lipsian.
1311 1411 1416 1443 Aldd.
1433 1412 1544 1444 Colin.
1560 1411 1696 1453 Gryph-

231 1452 340 1485 Basil.
356 1453 471 1484 Plant.
489 1450 719 1492 Lindeubrog.
733 1451 837 1484 Cruc.
860 1457 898 1485 et
923 1453 1068 1485 Gevart.
1090 1453 1279 1494 brumaque,-
1302 1454 1427 1487 Behot.
1441 1457 1475 1487 2.
1502 1456 1587 1487 Pnt.
1612 1453 1699 1486 Am-

230 1496 307 1527 nel.
322 1495 476 1527 Gronov·
490 1495 610 1526 Barth.
626 1495 736 1526 Veen.
753 1500 788 1526 et
815 1495 940 1536 Delph.
967 1496 1339 1537 brumoeque.-101-103
1363 1499 1373 1516 ‘
1389 1497 1478 1529 Haec
1499 1497 1606 1530 verba
1626 1506 1696 1529 uon

229 1538 505 1570 nemolibrorum
523 1541 678 1568 veterum
695 1547 762 1568 uon
776 1539 956 1578 agnoscit;
990 1539 1038 1580 [et
1064 1539 1210 1578 infandos
1234 1539 1319 1571 belli
1330 1544 1444 1580 potura
1467 1539 1607 1581 cruores]
1633 1540 1698 1572 hoc

231 1580 356 1614 modo:
389 1581 543 1622 Ornique,
557 1580 714 1622 iliceoeque
734 1581 848 1623 trabes,
862 1584 1084 1623 metuendaque
1097 1582 1311 1614 succw‘raxus
1321 1586 1414 1624 atque
1427 1583 1503 1625 situ,
1528 1585 1582 1625 ξε.
1597 1582 1699 1616 Nihil

867 1686 869 1688 ’
894 1689 1038 1723 ΝΟΤΙΕ

182 1820 185 1822 .
272 1779 316 1809 99
334 1776 568 1818 Chaoniumque
577 1775 699 1818 nemus]
717 1777 877 1811 Quercus
888 1775 938 1808 in·

231 1827 373 1869 telligit,
405 1837 483 1869 quae
507 1828 658 1860 maxime
694 1826 872 1859 abundant
902 1826 937 1858 in

229 1878 326 1919 sylva
340 1878 509 1910 Dodonea
531 1877 694 1909 Chaoniae
718 1877 869 1918 regionis
892 1877 938 1908 E·

227 1929 295 1972 piri
317 1929 340 1963 J
345 1929 399 1960 ovi
420 1937 529 1970 sacra,
542 1928 599 1960 ubi
615 1928 700 1970 ipsae
715 1937 864 1970 quercus
875 1936 938 1968 per

229 1979 405 2012 columbas
432 1979 573 2010 oracula
597 1977 802 2010 reddebant.
845 1978 934 2009 Bru-

227 2040 347 2072 maeque
370 2029 472 2060 illoesa
491 2027 669 2070 cupressus]
689 2027 782 2061 Quia
796 2036 936 2069 cupres-

229 2091 287 2113 sus
310 2090 379 2112 non
396 2079 533 2111 exuitur
547 2077 637 2110 foliis
651 2079 785 2120 hyeme.

273 2134 336 2163 10⁰
359 2130 481 2172 Piceoe]
510 2129 616 2171 Pyrae
644 2127 834 2160 cremandis
864 2136 938 2159 cor-

229 2182 373 2225 poribus
400 2180 574 2223 praecipue
605 2178 874 2211 exstruebantur
893 2188 938 2210 ex

227 2232 423 2276 hujusmodi
453 2230 632 2263 arboribus
659 2229 704 2261 ob
732 2229 938 2270 gravitatem

228 2285 356 2325 odoris,
367 2290 403 2316 et
419 2283 500 2325 quia
515 2282 629 2314 resina
643 2281 800 2323 pingues,
816 2285 854 2312 ut
869 2280 938 2312 cla-

230 2335 300 2367 rius
316 2334 457 2366 arderet
470 2342 586 2374 rogus.

273 2388 334 2419 101
359 2385 593 2424 Metuendaque
607 2391 696 2414 succo
712 2379 833 2422 Tamus]
846 2381 936 2412 Tax-

229 2447 269 2470 us
290 2435 391 2469 arbor
413 2434 521 2466 abieti
546 2433 679 2473 similis.
721 2431 857 2464 Plinius
873 2430 937 2463 lib.

230 2496 308 2520 xvr.
325 2496 402 2527 cap.
422 2487 476 2517 10.
499 2485 508 2502 ‘
526 2483 653 2515 Similis
675 2482 863 2514 etiamnum
887 2481 938 2514 his

230 2535 437 2580 [abietibus]
453 2538 599 2575 aspectu
611 2537 733 2573 est‚ne
751 2531 832 2574 quid
850 2541 940 2573 prae-

229 2591 397 2627 tereatur,
412 2590 527 2623 taxus,
550 2583 663 2615 minus
679 2582 811 2622 virens,
829 2582 937 2623 graci-

228 2639 354 2680 lisque,
370 2641 405 2667 et
420 2634 542 2674 tristis,
555 2643 595 2666 ac
611 2632 697 2674 dira,
711 2633 805 2664 nullo
819 2642 939 2673 succo,

229 2698 274 2721 ex
298 2687 454 2720 omnibus
487 2685 560 2717 sola
584 2682 773 2716 baccifera.
816 2683 938 2716 Letale

229 2738 359 2781 quippe
375 2736 505 2776 baccis,
522 2735 556 2767 iu
571 2733 745 2775 Hispania
761 2734 939 2775 praecipne

991 1785 1036 1807 ex
1063 1785 1106 1807 ea
1135 1774 1222 1807 vinis
1253 1774 1357 1816 facta,
1386 1774 1568 1808 mortifera
1592 1774 1700 1810 fuine

992 1831 1205 1868 compertum
1221 1827 1296 1859 est:
1324 1826 1428 1858 Hanc
1442 1825 1584 1868 Septius
1598 1827 1609 1845 ⁸
1621 1826 1702 1859 smi-

991 1877 1123 1910 lacem'
1159 1887 1179 1908 a
1202 1876 1338 1909 Graecis
1362 1877 1480 1909 vocari
1516 1876 1626 1910 dixit:
1660 1881 1700 1910 et

990 1935 1065 1958 esse
1082 1927 1117 1958 in
1143 1926 1294 1959 Arcadia
1308 1929 1380 1959 tam
1394 1927 1577 1967 praesentis
1597 1935 1702 1959 vene-

989 1977 1038 2014 ni,
1053 1981 1092 2009 ut
1110 1976 1139 2008 si
1166 1977 1224 2018 qui
1239 1976 1412 2009 dormiant
1421 1976 1486 2010 sub
1500 1987 1553 2018 ea,
1566 1977 1699 2011 cibum·

989 2037 1032 2059 ve
1057 2027 1214 2068 capiant,
1238 2027 1442 2059 moriautur.
1485 2027 1574 2060 Sunt
1587 2028 1648 2071 qui
1662 2033 1701 2061 et

991 2079 1002 2096 ‘
1017 2079 1133 2110 taxica
1149 2077 1159 2092 ’
1186 2077 1267 2110 hinc
1297 2077 1477 2120 appellata
1492 2077 1616 2111 dicunt
1644 2088 1702 2110 ve-

992 2138 1093 2169 nena,
1121 2138 1199 2171 qnae
1231 2137 1323 2161 nunc
1353 2127 1510 2161 ‘toxica'
1543 2128 1701 2168 dicimus,

993 2180 1117 2222 quibus
1144 2179 1283 2219 sagittae
1303 2179 1500 2220 fingentum
1524 2183 1700 2220 repertum

974 2228 1269 2275 innoxiam'fieri,
1297 2228 1325 2259 si
1350 2229 1387 2260 in
1413 2228 1523 2269 ipsam
1542 2228 1701 2262 arborem

993 2281 1110 2312 clavus
1140 2289 1264 2311 aureus
1290 2277 1473 2320 adigatur!
1517 2278 1607 2311 Hoec
1627 2279 1702 2319 1315-

992 2330 1080 2361 nius.
1111 2329 1228 2362 Caesar
1262 2328 1353 2360 Belli
1397 2328 1523 2361 Gallici
1565 2328 1626 2360 lib.
1649 2337 1702 2360 vr.

989 2384 999 2398 ‘
1015 2381 1123 2417 Taxo,
1149 2379 1250 2422 cujus
1275 2388 1401 2420 magna
1422 2378 1458 2410 in
1473 2378 1599 2420 Gallia,
1614 2378 1702 2411 Ger-

991 2431 1175 2472 maniaque
1189 2429 1301 2471 copie,
1316 2438 1355 2461 se
1369 2428 1603 2462 existumavit?
1629 2428 1701 2461 Vo-

993 2491 1108 2514 camus
1123 2480 1271 2520 Gallice,
1293 2479 1342 2518 Π.

1037 2534 1101 2563 102
1122 2530 1212 2563 Belli
1233 2533 1348 2571 potura
1369 2538 1496 2562 cruores
1516 2526 1697 2568 Fraxinum]

992 2581 1083 2616 Quia
1113 2590 1158 2613 ex
1184 2579 1323 2612 fraxino
1344 2579 1570 2612 conficiuntur
1592 2577 1701 2610 hasta

991 2637 1028 2665 et
1042 2633 1189 2664 lanceae.
1494 2651 1498 2654 -

1035 2685 1097 2715 103
1133 2680 1263 2723 Robur]
1292 2678 1434 2723 Species
1464 2686 1608 2720 quercus
1636 2676 1699 2709 du-

992 2741 1140 2766 rissima.

230 2796 399 2821 venenum
416 2785 519 2819 inest.
563 2785 655 2817 Vasa
672 2784 778 2818 etiam
794 2783 938 2818 viatoria
1006 2821 1010 2824 ⁴
