1820 3068
180 152 269 194 664
687 164 725 193 P.
760 163 952 195 nemu
985 164 1151 197 s'rA'ru

182 259 288 302 Non
304 260 403 302 haec
424 260 666 311 incassum,
687 260 905 315 Divisque
924 262 1184 305 absentibus
1204 270 1334 308 acta:

183 328 357 370 Forsan
378 334 424 371 et
442 330 520 371 has
542 332 748 371 venturus
766 342 893 371 amor
912 333 1178 385 praemiserit
1197 333 1303 385 iras,

183 395 250 438 Ut
266 396 519 438 meminisse
533 397 685 451 juvet:
715 410 799 440 nec
819 411 939 441 vana
956 411 1067 442 voce
1088 400 1266 443 locutus

184 465 303 507 Fata
323 478 490 508 senex:
521 465 742 520 siquidem
761 467 878 509 hanc
896 467 1134 522 perhibent
1163 473 1266 524 post
1282 470 1464 514 vulnera
1476 470 1647 527 junctis

183 531 297 574 Esse
318 533 467 584 fidem,
487 539 651 589 quanta
670 537 882 590 partitum
901 541 1104 580 extrema
1121 542 1332 592 protervo
1559 542 1648 584 4⁹75

180 600 360 644 Thesea
379 601 596 654 Pirithoo,
617 604 691 646 vel
708 604 883 647 inanem
899 606 1057 648 mentis
1073 605 1278 649 Orestem

185 668 414 724 Opposito
434 671 635 714 rabidam
656 672 829 728 Pylade
849 674 1017 716 vitasse
1039 674 1294 730 Megaeram.

175 781 269 822 fidei,
317 782 391 813 Non
405 782 471 814 hoec
477 781 606 821 frustra
619 787 799 820 evenerunt,
812 794 868 816 nec
881 784 948 816 sine
963 785 1102 817 Deorum
1115 786 1259 818 numine:
1271 786 1385 826 somn
1399 787 1554 827 etfuturo
1566 790 1651 822 ami-

182 825 261 856 citia
283 825 364 856 hunc
380 826 526 865 furorem
546 826 750 867 pransi-serit,
772 830 807 858 nt
826 828 912 860 dulce
937 828 981 860 sit
1001 829 1171 861 recordari.
1215 830 1283 862 Nec
1297 830 1454 870 longmus
1468 832 1650 866 irritam

182 871 314 900 centum
326 869 480 908 praedixit
491 881 501 901 .-
520 869 550 900 ei
571 870 694 910 quidem
709 869 864 910 referunt,
887 875 1007 903 tantam
1021 872 1265 911 conjunctionem
1279 872 1363 905 inter
1384 883 1436 906 eos
1450 874 1556 913 fuisse
1578 879 1650 917 post

182 911 262 942 hunc
284 921 434 953 pugnam,
457 916 575 953 qimnta
593 913 667 951 fuit
692 913 806 945 Theseo
827 924 897 946 eum
918 915 1074 956 petulanti
1089 915 1249 956 Pirithoo,
1270 925 1340 948 cum
1360 926 1418 958 quo
1438 918 1577 958 partim
1601 922 1650 952 ese

183 954 295 986 mima
306 954 501 996 discrimino,
526 957 574 988 vel
592 956 712 996 Oresti,
726 962 827 989 mente
839 961 939 998 capto,
961 968 1030 990 cum
1044 959 1179 1001 Pylade,
1200 969 1259 1001 quo
1272 959 1373 992 medio
1386 960 1554 994 declinavit
1560 961 1651 1001 stu-i-

795 1041 812 1053 O
815 1040 1037 1054 0000010Μο

182 1108 252 1130 rum
264 1109 276 1136 ;
298 1099 437 1139 optimae
453 1099 585 1133 Barthii
602 1100 808 1134 membranae
832 1111 909 1134 cnm
932 1103 1060 1135 ceteris
1079 1103 1178 1136 codd.
1193 1104 1484 1138 azemorum—4⁷2
1507 1106 1650 1140 Taurin.

185 1142 305 1175 Burm.
322 1143 411 1175 Dan.
430 1143 552 1176 Petav.
569 1144 693 1177 Behot.
710 1150 747 1178 et
766 1145 917 1178 nonnulli
943 1147 1144 1179 Barthiani:
1164 1149 1384 1188 praemiserat,-
1407 1149 1546 1190 optimae
1563 1150 1651 1182 Bar-

185 1185 247 1216 thii
262 1185 487 1218 membranae:
510 1187 716 1228 permiserut‚·
739 1189 898 1220 Petrens.
921 1189 1055 1222 Buslid.
1080 1189 1185 1222 Laur-
1201 1191 1309 1232 Lang.
1330 1190 1488 1232 Lipsian.
1505 1193 1649 1226 Venett.

184 1227 291 1260 Aldd.
317 1228 429 1261 Colin.
455 1229 590 1272 Gryph.
617 1231 725 1263 Basil.
751 1231 866 1264 Plant.
891 1231 1037 1265 Gevart.
1061 1233 1220 1265 Grasser.
1244 1236 1310 1267 διο.
1338 1235 1650 1276 maximin—475

184 1271 254 1303 Isse
266 1270 368 1314 fldem
389 1273 607 1323 conjectabat
634 1274 917 1308 Barthius.—47⁷
945 1276 1094 1318 Opposita
1114 1277 1258 1318 rapidam
1284 1277 1396 1310 pilade
1420 1277 1524 1311 Aldd.
1540 1279 1654 1311 Colin.

186 1314 319 1356 Gryph.
343 1321 380 1348 et
402 1316 511 1348 Basil.
534 1317 676 1350 rabidam
701 1318 795 1350 Dan.
821 1319 903 1350 Put.
932 1318 1058 1351 Petav.
1081 1319 1231 1361 Lipsian.
1256 1319 1391 1353 Buslid.
1412 1321 1520 1364 Lang.
1545 1320 1651 1355 Laur.

184 1358 507 1400 PetrensrTaurin.
529 1360 654 1393 Behot.
674 1366 711 1394 et
733 1362 874 1405 optimae
898 1362 1033 1394 Barthii
1058 1363 1375 1404 membranae,cnm
1397 1363 1478 1397 edd.
1500 1364 1653 1398 Linden-

848 1446 994 1480 No‘rAE
1055 1428 1057 1430 ’

224 1510 291 1541 4711
313 1509 415 1552 Fato]
429 1511 572 1553 Futura,
585 1521 661 1555 quae
676 1512 760 1545 fatis
771 1512 892 1545 decer·
947 1516 1015 1553 est,
1038 1516 1195 1545 extrema
1219 1513 1383 1555 pericula.
1427 1515 1569 1547 Tacitus
1591 1515 1653 1549 lib.

184 1565 326 1593 nuntur.
945 1571 1023 1595 xiv.
1062 1563 1202 1595 ‘Vitam
1239 1564 1350 1606 ipsam
1385 1565 1421 1598 in
1457 1570 1652 1599 extremum

227 1615 291 1645 4⁷⁶
315 1613 410 1654 Esse]
433 1613 637 1647 Profuisse.
675 1615 804 1652 Quanta
816 1624 891 1656 por·
943 1613 1151 1646 adductum!

183 1666 279 1698 titum
288 1669 431 1699 extrem
437 1671 586 1708 proter-vo
599 1667 719 1701 Thesea
726 1667 891 1709 Pirithoo]

185 1716 431 1758 Celebrantur,
457 1718 603 1750 maxime
625 1718 718 1761 apud
745 1723 893 1759 veteres,

185 1766 338 1810 quinque
354 1768 541 1800 amicorum
566 1770 677 1811 paria,
693 1765 818 1802 Thesei
843 1769 893 1802 ni·

185 1817 309 1849 mirum
321 1822 356 1850 et
368 1818 530 1859 Pirithoi,
545 1819 680 1852 Orestis
690 1824 726 1852 et
735 1820 892 1863 Pyladis,

185 1868 297 1910 Tydei
321 1875 357 1901 et
383 1869 574 1911 Polynicis,
595 1880 673 1912 quae
699 1870 755 1903 hic
781 1870 894 1912 desig-

186 1924 336 1953 nantur:
359 1919 502 1953 Achillis
524 1926 561 1954 et
576 1921 744 1961 Patrocli,
757 1922 893 1955 Hercu-

186 1971 227 2003 lis
252 1976 290 2004 et
305 1972 511 2005 Telamonis.
554 1972 734 2014 Pan-titum]
756 1972 800 2006 Τὸ
820 1983 893 2014 par-

186 2023 282 2055 titum
296 2023 429 2064 regitur
441 2023 517 2063 ειτᾷ
529 2023 694 2064 perhibent
708 2025 895 2066 superioris

186 2082 317 2114 versus,
343 2079 381 2106 et
405 2074 735 2117 subintelligendum
757 2078 823 2116 est,
841 2074 897 2107 fu-

187 2124 267 2157 isse.
311 2123 483 2166 Protei-oo]
502 2125 644 2166 Supple,
670 2136 760 2159 cum.

232 2174 364 2216 Theseu]
375 2175 539 2217 Theseus,
547 2175 645 2217 AEgei
654 2181 690 2209 et
697 2176 825 2209 AEthrae
833 2176 897 2210 fili-

188 2235 243 2266 ns,
254 2226 354 2258 unice
363 2226 498 2259 amabat
509 2227 716 2268 Pirithoum,
724 2229 779 2260 cui
789 2229 897 2270 grati-

187 2275 352 2309 ficaturus
365 2277 547 2311 descendit
561 2289 639 2311 eum
653 2289 695 2312 eo
711 2280 746 2312 in
760 2279 895 2313 Inferos

189 2328 233 2360 ad
264 2328 465 2370 rapiendam
494 2329 748 2372 Proserpinam.
808 2332 896 2365 Qnae

190 2378 369 2420 expeditio
392 2383 470 2412 erat
496 2380 802 2421 periculosissima:
835 2381 894 2414 ubi

190 2430 281 2462 enlm
295 2439 338 2462 eo
353 2431 761 2473 pervenerunt‚'1'hese11s
775 2433 808 2464 in
822 2433 893 2464 vin-

191 2480 270 2512 cula
300 2480 479 2522 conjectus
508 2485 576 2523 est,
604 2486 641 2514 et
671 2481 847 2515 Pirithous
872 2493 893 2515 s

191 2531 343 2564 Cerbero
357 2532 553 2566 devoratus.
587 2533 738 2566 Theseus
753 2534 894 2567 tandem

193 2581 237 2614 ab
285 2582 440 2615 Hercule
478 2583 644 2617 liberatus
681 2582 761 2617 fuit.
804 2585 894 2618 Piri·

193 2633 292 2666 thou·
326 2638 402 2666 erat
420 2633 511 2666 filius
541 2634 673 2668 Ixionis
694 2639 730 2667 et
753 2635 894 2668 alterius

191 2683 358 2724 mulieris,
371 2693 472 2726 quam
490 2685 678 2726 Nepheles,
693 2695 737 2718 ex
753 2697 820 2728 qua
834 2696 895 2719 na-

192 2734 217 2768 ti
246 2733 407 2767 dicuntur
435 2734 608 2767 Centauri.
653 2736 823 2778 Extremo]
851 2736 897 2770 Id

988 1667 1056 1697 476
1100 1664 1234 1697 Inonem
1276 1665 1406 1709 mentis]
1448 1667 1507 1700 Sic
1545 1666 1653 1700 Ovid.

946 1715 1058 1757 Epist.
1082 1724 1140 1747 ιιι.
1176 1717 1186 1733 ⁴
1200 1716 1381 1756 Sanguinis
1404 1721 1507 1760 atque
1529 1717 1652 1750 anima

945 1776 1070 1808 corpus
1095 1767 1195 1799 inane
1221 1766 1309 1800 fuit)
1350 1767 1409 1801 Sic
1435 1768 1655 1801 ‘inanissima

945 1819 1138 1862 prudentiae
1148 1819 1159 1834 '
1175 1820 1267 1862 apud
1282 1821 1482 1853 Ciceronem
1498 1831 1561 1863 pro
1575 1823 1653 1854 Mu-

945 1880 1039 1905 rena.
1087 1871 1246 1913 Orestem]
1269 1872 1413 1905 Orestes
1422 1871 1653 1914 Agamemno-

945 1923 997 1954 nis
1013 1926 1051 1954 et
1065 1922 1342 1964 clytemnestra
1362 1922 1466 1964 filins,
1479 1924 1573 1956 ultor
1594 1931 1655 1965 pa·

948 1978 1056 2006 ternae
1072 1974 1182 2013 necis,
1198 1978 1343 2006 matrem
1365 1973 1555 2015 interfecit,
1570 1984 1655 2018 qna·

948 2029 1093 2067 propter
1120 2023 1236 2057 furore
1264 2029 1447 2067 correptus
1476 2029 1539 2058 est.
1581 2025 1655 2058 sed

949 2075 1015 2108 hoc
1029 2076 1189 2108 solatium
1205 2075 1338 2118 recepit
1357 2076 1390 2108 in
1405 2085 1466 2108 sna
1479 2077 1653 2108 calamita-

950 2130 999 2163 te,
1014 2126 1106 2168 quod
1123 2126 1294 2168 Pyladem
1301 2126 1421 2159 habuit
1433 2126 1582 2159 omnium
1595 2136 1654 2159 su·

949 2186 1042 2208 arum
1062 2175 1315 2217 profectionum
1334 2177 1475 2216 socium,
1494 2186 1536 2210 ac
1550 2177 1656 2209 comi-

949 2230 1017 2258 tem
1034 2225 1287 2267 periculorum:
1313 2231 1478 2268 tantaque
1499 2228 1533 2259 in
1549 2236 1587 2259 se
1601 2227 1655 2259 in—

949 2276 1057 2309 vicem
1074 2276 1223 2308 amicitia
1237 2277 1412 2318 conjuncti
1433 2282 1527 2318 sunt,
1542 2282 1582 2310 ut
1604 2278 1655 2310 al-

949 2331 1005 2359 ter
1032 2337 1096 2369 pro
1124 2328 1233 2359 altero
1258 2327 1347 2359 mori
1373 2337 1442 2360 non
1468 2333 1656 2362 rec-sareu

947 2378 1037 2410 vide
1053 2378 1240 2411 Luciannm
1255 2378 1396 2410 Toxari.
1426 2379 1579 2420 Pylades
1593 2386 1654 2412 tu-

948 2432 1018 2460 tem
1035 2433 1110 2460 erat
1130 2427 1220 2461 filius
1243 2428 1396 2470 Strophii
1412 2428 1584 2461 ¹Phocidis
1599 2439 1654 2461 re-

947 2479 1030 2520 guli,
1054 2479 1112 2520 qui
1142 2478 1303 2511 Orestem
1331 2478 1407 2511 neci
1435 2478 1654 2513 subtractum

948 2530 1170 2562 educaverat.
1600 2559 1602 2561 ,

989 2582 1053 2613 477
1080 2579 1438 2621 Megoeram1Megaera
1451 2589 1518 2612 uns
1529 2590 1574 2613 ex
1590 2581 1654 2614 tri-

946 2630 1010 2664 bus
1034 2631 1156 2671 Furiis,
1177 2640 1254 2672 quae
1274 2630 1436 2664 Orestem
1457 2630 1505 2663 oh
1521 2631 1654 2664 endem

949 2681 1068 2715 matris
1084 2681 1295 2724 exagitabat.
