1820 3068
247 244 339 289 900.

252 352 343 395 Ora
363 353 596 393 cruentata
617 346 827 390 deformis
848 348 1020 390 hiantia
1038 347 1159 398 lana,

767 253 810 284 P.
846 251 1039 284 PAPINII
1072 250 1240 284 STATu

1593 359 1596 362 ·
1627 343 1716 390 365

250 418 441 461 Decedit
461 417 664 468 stabulis,
684 412 791 466 huc,
812 415 919 457 illuc
940 415 1123 457 turbida
1142 426 1325 457 versans

249 487 456 537 Lumina,
479 486 518 527 si
540 484 640 526 duri
660 487 890 539 comperta
911 483 1039 526 clade
1061 487 1301 537 sequantur

248 555 479 604 Pastores,
497 552 732 606 magnique
747 551 861 605 fugit
880 563 968 592 non
987 550 1152 592 inscius
1171 549 1283 591 ausi.

248 621 518 664 Accumulat
538 621 719 661 crebros
739 619 957 661 turbatrix
971 618 1092 660 sama
1111 630 1315 672 pavores.

250 689 344 731 Hic
359 689 453 744 jam
475 689 697 743 dispersos
716 701 859 730 errare
881 686 1086 742 Asopide
1106 687 1205 740 ripa

1626 654 1714 728 370

249 757 460 799 Lernaeos
482 756 683 810 equites:
713 755 787 797 hic
808 758 868 804 te,
886 755 1105 796 bacchate
1126 753 1371 804 Cithaeron,

250 825 335 866 Ille
355 824 455 878 rapi
474 823 772 872 Theumeson‚
794 823 874 872 ait,
895 821 1134 875 noctisque
1151 833 1230 875 per
1247 821 1431 862 umbras

249 891 447 935 Nuntiat
467 891 677 933 excubiis
699 890 857 944 vigiles
878 891 1044 932 arsisse
1063 889 1262 931 Plateas.

249 958 373 1001 Nam
389 958 552 1013 Tyrios
573 957 760 999 sudasse
776 957 910 1008 lares,
930 961 977 998 et
998 956 1215 1010 sanguine
1234 956 1398 999 Dircen

248 1025 483 1079 Irriguam,
503 1025 731 1079 foetusque
753 1037 914 1075 novos,
936 1025 1180 1078 iterumque
1201 1024 1399 1066 locutam

1626 1023 1714 1066 375

247 1165 482 1206 sanguinolento
497 1166 622 1203 vellere,
643 1164 806 1205 egreditur
823 1165 933 1206 caulis,
950 1164 1073 1204 iactans
1094 1164 1153 1196 huc
1177 1164 1252 1196 illuc
1275 1164 1415 1196 turbidos
1433 1164 1548 1203 oculos,
1567 1164 1597 1196 si
1610 1162 1716 1204 asperi

243 1212 388 1250 pastores
402 1211 510 1248 strage
524 1208 652 1248 cognita
667 1209 870 1249 insequantur
885 1218 929 1247 se,
952 1211 983 1239 et
1000 1207 1094 1247 sugit
1107 1207 1169 1238 sibi
1180 1207 1317 1239 conscius
1330 1207 1458 1239 audacis
1465 1206 1563 1246 facti.

238 1251 326 1293 flens
338 1261 444 1283 rumor
458 1251 632 1291 ingeminat
639 1250 823 1291 frequentes
838 1251 976 1282 timores.
1025 1250 1091 1281 Hic
1103 1250 1217 1291 inquit,
1230 1251 1302 1290 jam
1316 1250 1463 1282 Lemaeos
1477 1249 1596 1290 equites
1602 1259 1645 1290 pfl

1608 1205 1716 1238 rmi-

1647 1250 1714 1280 lan-

247 1298 295 1326 tea
317 1294 429 1334 vagari
451 1294 485 1326 in
500 1294 598 1335 Asopi
613 1294 720 1326 littore
731 1304 744 1331 ;
765 1293 816 1325 hic
842 1298 874 1325 te
894 1294 974 1334 capi,
1000 1293 1161 1324 Cithaeron
1183 1302 1354 1334 personans
1378 1293 1478 1333 orgiis
1491 1292 1615 1324 Bacchi
1625 1302 1639 1330 ,·
1661 1292 1716 1322 ille

249 1336 448 1376 Theumeson,
469 1340 501 1369 et
526 1346 582 1378 per
604 1336 746 1369 tenebras
768 1338 867 1368 noctis
882 1337 1024 1368 Plataeas
1042 1336 1197 1367 insomnes
1211 1336 1328 1368 luxisse
1340 1336 1468 1376 ignibus
1479 1335 1639 1368 hostilium
1649 1336 1714 1365 sta-

247 1380 380 1414 tionum.
424 1381 511 1412 Nam
523 1381 649 1412 sudasse
661 1382 790 1421 penates
805 1379 979 1420 Thebanos,
1001 1382 1034 1411 et
1048 1388 1155 1411 cruore
1170 1378 1289 1411 Dircen
1302 1378 1466 1420 ἰηίεοιαπι,
1481 1381 1512 1410 et
1528 1381 1715 1410 monstrosos

853 1463 1089 1481 wrm

247 1551 336 1575 unus
353 1541 479 1573 Behot.
493 1542 755 1581 mucetum—366
777 1540 888 1572 Veen.
915 1539 987 1580 huc,
1011 1539 1114 1577 istum
1136 1539 1297 1572 Petrens.
1321 1540 1439 1575 Burm.
1460 1539 1602 1571 Taurin.
1621 1537 1712 1571 Exc.

249 1584 397 1618 Cantab.
413 1583 470 1615 alii
487 1583 589 1615 codd.
607 1591 685 1614 cum
701 1582 780 1614 edd.
795 1582 974 1615 omnibus:
997 1583 1057 1614 huc
1075 1583 1268 1615 illua—374
1291 1583 1367 1614 Jam
1388 1581 1500 1624 Tyrios
1522 1580 1664 1614 Behott.
1680 1583 1713 1614 1.

247 1629 281 1660 2.
306 1628 400 1659 Dan.
426 1626 553 1658 Petav.
582 1625 689 1666 Lang.
716 1626 818 1657 Laur.
845 1625 979 1657 Buslid.
1003 1625 1158 1666 Lipsian.
1181 1625 1324 1657 Venett.
1350 1625 1450 1658 Rom.
1471 1623 1575 1656 Aldd.
1601 1623 1712 1656 Colin.

247 1669 382 1712 Grypli.
400 1669 506 1702 Basil.
523 1669 639 1700 Plant.
652 1667 887 1710 Lindenbrog.
904 1668 1007 1700 eruc.
1025 1668 1182 1700 Grasser.
1205 1668 1351 1700 Gevart.
1374 1671 1412 1700 et
1433 1666 1580 1699 Amstel.
1625 1666 1714 1698 Nam

249 1713 362 1756 Tyrios
381 1712 465 1744 Put.
481 1716 519 1744 et
534 1711 638 1744 codd.
658 1711 839 1753 Gronovii,
855 1710 948 1754 quod
965 1711 1023 1742 ille
1039 1711 1192 1754 recepit3
1219 1711 1344 1753 aliique
1362 1710 1523 1744 Editores
1537 1719 1616 1743 eum
1631 1712 1713 1742 sunt

906 1796 1048 1846 Nom:

291 1875 354 1906 365
381 1873 450 1904 Ora
473 1871 639 1914 deformis]
662 1872 733 1904 Pro
755 1881 815 1904 ora
837 1871 953 1904 defor-

247 1921 316 1955 mia
330 1922 469 1955 habens.

1008 1876 1100 1905 runt.
1145 1872 1299 1905 Excubiis
1324 1871 1453 1914 vigiles]
1473 1871 1600 1913 Tangit
1625 1871 1711 1907 mili-

1008 1927 1080 1955 tum
1096 1932 1239 1963 morem,
1252 1932 1318 1965 quo
1334 1923 1430 1964 ignes
1445 1922 1692 1956 accenduntur.

288 1975 354 2006 369
365 1972 552 2005 Accumulat
559 1972 682 2004 crebros
697 1971 859 2004 turbatrix
862 1971 954 2011 fama

242 2023 388 2065 pavores]
412 2024 569 2055 Lucanus
591 2022 734 2064 pulchre
756 2022 791 2054 in
807 2022 952 2054 eandem

246 2074 453 2106 sententiam
477 2071 537 2104 lib.
556 2081 581 2104 ι.
612 2076 621 2090 ‘
638 2071 695 2104 Sic
720 2072 867 2114 quisque
891 2081 952 2113 pa-

246 2124 358 2157 vendo
370 2124 442 2156 Dat
456 2123 547 2155 vires
561 2121 664 2154 famae
677 2133 686 2161 3
698 2122 860 2164 nulloque
873 2131 954 2154 auc·

245 2179 323 2207 tore
340 2175 520 2215 malorum,
531 2173 616 2207 Quae
633 2172 767 2205 finxere
783 2172 930 2205 timent-²

289 2231 354 2260 370
376 2228 513 2269 Asopide
541 2227 628 2269 ripa]
662 2227 799 2268 Asopus
831 2224 955 2258 fluvius

246 2278 407 2312 Boeotiae.
451 2279 539 2311 Vide
554 2278 667 2311 Theb.
682 2287 739 2309 ιιι.
756 2279 832 2309 337.

289 2332 352 2362 371
376 2328 540 2370 Lerna-os]
568 2327 729 2370 Argivos.
776 2326 953 2368 Cithaeron]

247 2380 350 2412 Mons
377 2379 536 2411 Boeotiae.
589 2377 767 2418 Bacchate]
798 2377 890 2410 Quia
918 2377 954 2408 iu

246 2430 310 2462 hoc
327 2433 442 2462 monte
456 2429 554 2470 orgia
567 2428 697 2461 Bacchi
716 2428 886 2460 celebrari
900 2437 953 2460 so-

245 2481 320 2513 lita.

288 2532 353 2563 8⁷2
389 2522 593 2570 Theumeson]
620 2529 830 2562 Theumesus
853 2537 951 2561 mons

246 2581 407 2622 Boeotiae,
423 2585 461 2613 ut
470 2581 545 2622 jam
561 2581 722 2613 diximus⁴

290 2633 354 2662 373
379 2631 533 2662 Excubiis
559 2630 674 2670 vigiles
701 2629 848 2671 Placeas]
871 2629 952 2661 Pla-

248 2685 314 2712 teae
338 2681 502 2723 oppidum
525 2681 668 2714 Boeotiae
691 2681 954 2713 celeberrimum*

249 2731 405 2772 victoria,
427 2741 527 2773 quam
551 2731 671 2764 Graeci
700 2731 744 2762 de
767 2730 954 2763 Mardonia

248 2778 439 2823 Persis'que
454 2781 488 2813 iu
506 2791 588 2823 agro
615 2781 773 2814 Plataico
797 2783 954 2821 reporta·

1050 1975 1115 2005 3⁷4
1141 1973 1269 2016 Tyrios]
1287 1972 1479 2006 Thebanos.
1516 1972 1652 2004 Sadame
1665 1973 1712 2004 la-
1754 1998 1757 2001 .

1006 2032 1068 2064 res,
1097 2021 1167 2064 ξω]
1196 2023 1274 2055 Hoc
1304 2022 1440 2064 signum
1469 2026 1506 2054 et
1531 2023 1714 2064 sequentia

1008 2073 1166 2115 prodigia
1190 2083 1327 2115 semper
1350 2071 1595 2115 praecedebant
1616 2081 1711 2114 mg-

1008 2133 1070 2155 nas
1094 2124 1309 2156 calamitates
1332 2133 1372 2155 ac
1391 2122 1545 2163 publicas
1565 2122 1713 2163 futuras,

1008 2183 1192 2216 eorumque
1209 2179 1344 2207 veteres
1355 2172 1646 2206 observantissimi
1660 2171 1712 2204 fu-

1009 2228 1123 2264 erunt,
1139 2225 1344 2266 diversaque
1366 2234 1465 2256 sacra
1487 2223 1712 2256 instituerunt

987 2296 990 2299 -
1009 2275 1051 2306 ad
1068 2285 1110 2307 ea
1125 2274 1352 2316 procuranda,
1365 2279 1405 2306 ut
1420 2273 1538 2305 videre
1552 2277 1607 2306 est
1617 2272 1710 2314 apud

1008 2325 1217 2366 Scriptores.
1264 2325 1310 2356 Et
1323 2324 1477 2364 sanguine
1491 2323 1614 2356 Dircen
1628 2323 1711 2354 Irri-

1004 2377 1117 2418 guam]
1139 2376 1246 2408 Dirce
1260 2374 1337 2407 fons
1353 2375 1512 2407 Boeotiae.
1542 2374 1710 2415 Virgilius

1008 2428 1138 2470 Georg.
1155 2437 1181 2460 1.
1202 2430 1213 2446 ⁴
1230 2426 1377 2469 AEraque
1391 2423 1530 2466 sudant,
1551 2424 1628 2457 Nec
1649 2433 1712 2467 pu-

1007 2479 1073 2511 teis
1088 2487 1244 2519 manasse
1259 2486 1362 2510 cruor
1375 2474 1548 2509 cessavit!

1049 2532 1112 2562 375
1138 2529 1303 2569 Foeiuque
1326 2526 1436 2570 novos]
1456 2524 1501 2558 Id
1521 2527 1588 2564 est,
1613 2532 1709 2556 mon-

1007 2582 1146 2612 strosos.
1188 2579 1346 2611 Lucanus
1374 2576 1434 2609 lib.
1457 2585 1484 2608 1.
1506 2575 1518 2594 ‘
1535 2574 1710 2606 Monstro-

1008 2638 1061 2660 sos
1074 2629 1248 2660 hominum
1274 2632 1392 2669 partus
1414 2631 1622 2664 numeroque
1635 2632 1709 2655 mo-

1006 2679 1124 2720 doque
1142 2678 1387 2717 Membrornm,
1403 2679 1614 2716 matremque
1629 2683 1710 2706 sum

1007 2728 1200 2762 conterruit
1237 2725 1374 2759 infans!
1431 2725 1479 2757 Et
1514 2724 1628 2757 solent
1660 2723 1706 2756 ad

1006 2773 1106 2811 omen
1123 2778 1295 2821 publicum
1312 2779 1471 2820 portenta
1484 2775 1589 2817 gigni.
