1820 3068
231 216 344 259 1040
733 229 774 258 r.
810 226 1002 260 ΡΑΡιΝιῐ
1033 227 1199 261 STA'rn

229 323 403 366 Lernaei
422 336 644 378 procereS,
664 324 921 378 genitricem
941 325 1118 368 mollior
1139 325 1282 367 ambit

228 392 398 442 Turba,
417 405 498 433 nec
520 392 782 447 Hypsipyle
801 404 902 434 raro
923 393 1046 435 subit
1067 394 1265 447 agmine:
1297 393 1466 437 vallant
1525 438 1531 441 ,

228 459 453 502 Inachidae
476 472 702 511 memores,
724 463 973 503 sustentant
994 461 1134 503 livida
1154 461 1245 503 nati

227 527 435 577 Brachia,
456 532 502 569 et
520 528 708 573 inventae
728 528 978 571 concedunt
999 529 1207 583 plangere
1227 530 1370 573 matri.
1656 571 1660 575 .

231 596 330 637 [llic
351 595 570 637 infaustos
591 599 642 637 ut
663 596 854 650 primum
875 609 1055 650 egressa
1074 599 1262 650 penates
1612 598 1697 647 135

230 663 467 718 Eurydice,
486 663 603 704 nudo
627 677 784 706 vocem
802 664 858 706 de
878 669 1055 718 pectore
1074 665 1256 719 rumpit,

233 731 511 784 Planctuque
529 734 574 771 et
593 731 733 784 longis
754 732 944 786 praefata
965 732 1212 777 ululatibus
1231 733 1355 774 infit:

233 799 340 841 Non
354 798 441 840 hoc
462 797 722 852 Argolidum
741 803 862 841 coetu
883 799 1160 842 circumdata
1178 805 1368 843 matrum

232 867 423 922 Speravi
443 869 500 916 te,
519 869 638 916 nate,
659 866 801 920 sequi,
823 879 902 908 nec
921 867 1029 909 talia
1045 866 1224 909 demens

232 933 472 988 Fingebam
493 933 614 974 votis
635 945 847 974 annorum
869 933 1086 975 elementa
1105 937 1295 985 tuorum,
1613 935 1697 977 140

233 1001 313 1043 Nil
330 1013 502 1043 saevum
522 1004 764 1055 reputans:
794 1001 953 1042 etenim
973 1000 1044 1042 his
1065 1001 1110 1042 in
1128 1000 1290 1043 finibus
1311 1002 1399 1043 aevi

231 1069 361 1111 Unde
381 1082 463 1123 ego
480 1069 600 1110 bella
620 1063 701 1110 tibi
721 1068 991 1123 Thebasque
1011 1070 1166 1123 ignara
1184 1070 1381 1111 timerem
1395 1070 1416 1111 ’ἔ

231 1137 318 1179 Cui
335 1137 555 1191 Superum
574 1141 728 1178 nostro
749 1136 1025 1178 committere
1047 1137 1260 1190 sanguine
1282 1150 1455 1192 pugnas

232 1205 412 1246 Dulce?
444 1203 546 1258 quis
565 1203 649 1245 hoc
669 1203 802 1245 armis
823 1204 949 1245 vovit
970 1203 1121 1245 scelus
1135 1205 1155 1244 ἰ’
1188 1207 1235 1246 at
1255 1209 1335 1249 tua
1355 1204 1562 1256 nondum,

232 1272 415 1322 Cadme,
433 1271 602 1321 domus,
621 1271 768 1312 nullus
788 1271 924 1326 Tyrio
945 1284 1076 1325 grege
1094 1272 1318 1326 plangitur
1337 1272 1497 1314 infans.
1611 1272 1694 1314 145

235 1340 464 1382 Primitias
483 1344 658 1392 egomet
676 1338 985 1393 lacrymarum,
1006 1343 1053 1380 et
1073 1338 1210 1381 caedis
1229 1339 1401 1381 acerbae

233 1459 371 1491 tenerior
392 1469 485 1491 sexus
508 1456 611 1498 cingit
641 1462 787 1498 matrerm
816 1467 871 1489 nec
894 1456 1071 1499 Hypsipyle
1099 1455 1186 1490 teuit
1215 1468 1284 1490 cum
1310 1467 1410 1500 pauco
1431 1456 1545 1489 turba:
1577 1455 1696 1497 Argivi

231 1502 322 1542 grati
343 1502 431 1533 illam
452 1502 603 1538 ambiunt,
625 1501 695 1542 filii
721 1502 879 1533 sustinent
899 1502 1064 1540 sugillatus
1085 1501 1151 1540 eius
1173 1502 1320 1540 lacertos,
1340 1505 1371 1532 et
1392 1500 1500 1532 sinunt
1520 1501 1628 1540 lugere
1647 1509 1697 1531 re-

232 1549 356 1586 pertam
378 1548 521 1577 matrem.
568 1544 640 1575 Illic
664 1544 834 1585 Eurydice,
855 1547 891 1575 ut
910 1543 1048 1584 primum
1069 1543 1150 1575 exiit
1171 1554 1188 1575 e
1213 1543 1354 1583 funestis
1374 1543 1505 1583 oedibus,
1522 1542 1617 1580 fudit
1643 1552 1696 1574 vo-

233 1598 300 1619 cem
320 1597 338 1619 e
358 1588 476 1619 nudato
497 1590 632 1628 pectore,
654 1590 686 1618 et
705 1587 876 1628 proeloeuta
895 1587 1034 1627 planctu,
1056 1589 1088 1617 et
1108 1587 1209 1626 longis
1229 1586 1425 1625 clamoribus,
1442 1586 1511 1617 uit.-
1545 1585 1620 1616 Non
1638 1595 1696 1626 pa-

232 1631 382 1662 tacissem
403 1640 452 1662 me
473 1633 504 1661 te
524 1632 769 1670 prosecuturam,
797 1640 815 1660 o
827 1629 897 1671 fili,
919 1629 1040 1670 stipata
1061 1629 1118 1661 hac
1150 1629 1243 1661 turha
1258 1628 1450 1668 Argivorum
1469 1631 1693 1669 matronarum,

232 1683 289 1705 nee
307 1673 530 1715 praesumebam
549 1681 654 1704 vecors
676 1673 755 1704 tolia
774 1672 948 1712 primordia
969 1671 1074 1703 aetotis
1097 1675 1172 1712 tuce,
1191 1672 1273 1703 nihil
1286 1671 1414 1711 funesti
1437 1672 1601 1710 cogamus,-
1622 1680 1697 1711 noyn

232 1726 320 1755 sane,
341 1716 422 1747 unde
442 1715 543 1747 inscia
563 1716 739 1747 metuissem
760 1715 821 1746 tibi
842 1714 876 1745 in
897 1715 953 1746 hoc
975 1715 1050 1746 vita>
1060 1715 1169 1746 limine
1190 1715 1298 1746 bellum
1313 1718 1345 1746 et
1361 1713 1501 1746 Thebas?
1530 1713 1600 1745 Cui
1613 1713 1695 1746 Deo-

232 1768 304 1790 rum
318 1759 406 1790 cordi
413 1758 482 1797 fuit
498 1758 580 1789 acies
593 1757 785 1789 committere
798 1761 904 1788 nostro
919 1760 1048 1788 cruore?
1094 1758 1173 1794 Quis
1188 1757 1346 1788 hominum
1367 1757 1467 1788 voluit
1487 1766 1576 1787 orma
1589 1756 1695 1798 anepi-

185 1821 188 1824 »
233 1801 300 1832 cari
317 1801 373 1832 hoc
387 1799 539 1832 crimine?
571 1800 619 1832 At
634 1804 688 1832 tua
704 1800 818 1831 Cadme
834 1801 968 1831 nondum
981 1801 1085 1841 plorat
1102 1804 1157 1831 tua
1163 1800 1305 1839 familia,
1320 1802 1352 1831 et
1362 1800 1464 1831 nullus
1477 1808 1555 1839 puer
1568 1799 1697 1838 lugetur

230 1854 253 1875 (ι
267 1845 367 1886 Tyrio
389 1845 511 1887 populo.
556 1844 643 1876 Dedi
670 1853 727 1884 ego
751 1843 914 1884 primitias
929 1843 1080 1885 fletuum,
1102 1847 1133 1875 et
1159 1843 1233 1874 duri
1246 1842 1386 1883 funeris,
1406 1845 1480 1873 ante
1501 1841 1644 1873 buccinas
1663 1845 1695 1874 et

845 1928 1084 1942 eeeeeeeeeeee

235 1995 322 2036 Illic,
337 1996 447 2038 prima
463 1995 633 2036 scriptura
659 2004 728 2026 non
751 1994 819 2027 suit
836 1995 868 2026 in
893 1995 1024 2036 optimo
1045 1995 1145 2034 libro,
1161 1995 1222 2026 sed
1247 1995 1324 2026 duae
1348 1993 1438 2032 alim,
1453 1992 1575 2034 quibus
1588 1992 1695 2023 erasis

229 2040 443 2079 superducta
458 2044 513 2071 est
536 2039 612 2070 ista.
658 2038 740 2070 Fuit
755 2038 803 2069 At
821 2038 930 2079 prima
953 2038 1096 2069 vocula:
1119 2039 1263 2070 alteram
1281 2046 1346 2068 non
1363 2035 1547 2078 assequor?
1574 2035 1694 2066 Barth.

232 2085 341 2114 -136
362 2083 469 2123 Lang.
486 2082 589 2114 Laur.
615 2080 747 2112 Ruslid.
772 2081 923 2122 Lipsian.
940 2080 1044 2112 Aldd.
1061 2081 1170 2113 Coun.
1195 2080 1330 2121 Gryph.
1345 2079 1449 2111 Basil.
1470 2083 1507 2110 et
1522 2078 1638 2110 Plant.
1655 2079 1696 2110 de

229 2128 354 2166 pectore
364 2126 450 2165 rupit
460 2136 472 2163 ,·
493 2126 587 2157 Dan.
603 2124 687 2156 Pur.
701 2125 824 2156 Petav.
839 2124 974 2155 codices
997 2124 1190 2163 Barthiani,
1203 2123 1344 2155 Behott.
1361 2125 1390 2154 1.
1404 2125 1435 2154 2.
1462 2120 1697 2162 Lindenbrog.

235 2168 337 2199 Cruc.
363 2168 508 2199 Amstel.
534 2167 688 2199 Gronov.
705 2167 824 2198 Barth.
853 2167 962 2198 Veen.
988 2172 1023 2198 et
1049 2167 1173 2208 Delph.
1199 2166 1436 2207 rumpit.—137
1459 2163 1648 2196 Plana-tibus
1663 2166 1694 2195 et

232 2210 324 2250 longe
335 2210 403 2242 duo
419 2209 520 2242 codd.
534 2209 677 2249 Bartbii,
691 2209 780 2251 qnod
798 2209 855 2240 ille
870 2209 1112 2250 probat—141
1136 2211 1146 2226 ‘
1163 2209 1325 2249 Optimus
1348 2208 1436 2239 liber
1451 2211 1488 2238 et
1511 2206 1694 2238 nnus'alio-

231 2262 305 2283 rum
322 2253 532 2293 persuadent
547 2252 738 2293 improbam
754 2261 888 2283 manum
914 2252 970 2283 hic
991 2252 1119 2291 fuisse;
1144 2251 1300 2283 referunt
1315 2250 1405 2282 enim
1420 2260 1429 2281 :
1453 2247 1695 2287 etenimfinibtu

229 2296 557 2329 ‹evi-'Barth.—-l46
581 2297 591 2313 ⁴
608 2295 771 2337 Optimus
783 2295 871 2327 liber
881 2295 1138 2337 manuscriptus
1154 2299 1191 2326 et
1206 2294 1265 2326 alii
1276 2293 1368 2326 duo:
1385 2302 1442 2334 ego
1454 2292 1524 2324 heu.
1548 2290 1696 2324 Placet!

275 2450 336 2480 131
360 2446 503 2487 Lernoei]
542 2445 675 2488 Argivi.
721 2446 933 2487 Genitricem]
1034 2449 1097 2478 139
1121 2446 1190 2477 Nec
1205 2445 1283 2477 talio
1303 2446 1429 2476 demens
1446 2441 1619 2483 Fingebam
1638 2444 1713 2474 rso-⁹

230 2499 439 2540 Eurydicen.
463 2498 597 2529 Mollior
608 2497 727 2538 Turba]
743 2497 931 2528 Matronae:
989 2496 1032 2527 tis
1044 2506 1196 2527 annorum
1210 2495 1360 2527 elementa
1372 2493 1511 2534 tuorum]
1528 2493 1606 2525 Non
1621 2492 1692 2524 tale

229 2550 322 2582 infra
334 2550 426 2581 enim
449 2548 578 2580 dicitur
593 2548 817 2589 ‘Argolidum
841 2551 935 2579 coetu
989 2547 1068 2578 vitae
1097 2550 1166 2577 tuae
1203 2545 1285 2576 mihi
1325 2543 1566 2586 promittebam
1593 2543 1690 2575 exor-

228 2600 443 2632 circumdata
457 2598 629 2630 matrum!
989 2597 1094 2629 dium.

272 2653 334 2682 133
360 2650 536 2691 Inachidae]
572 2649 706 2690 Argivi.
763 2648 935 2689 Memora]
1034 2650 1095 2680 144
1121 2647 1218 2688 Quis]
1235 2645 1419 2677 Hominum
1434 2643 1567 2685 supple.

229 2701 398 2732 Beneficii
422 2701 569 2740 scilicet,
603 2699 693 2741 quod
725 2699 766 2730 ab
806 2698 935 2740 Hypsi·
1033 2699 1094 2728 145
1122 2697 1255 2738 Cadme]
1283 2694 1481 2736 Alloquitur
1509 2691 1690 2733 Cadmum,

228 2751 308 2792 pyle
324 2755 542 2792 acceperant.
588 2750 719 2791 Livida]
742 2750 800 2783 Ob
816 2751 934 2792 planc—
989 2748 1070 2789 quia
1113 2747 1264 2779 Cadmus
1298 2745 1493 2778 Thebarum
1522 2743 1691 2776 conditor.

230 2806 314 2833 tum.
991 2798 1101 2840 Tyrio]
1122 2797 1295 2830 Thebano.
1621 2804 1626 2808 ’
1688 2804 1693 2807 ’
