1820 3068
238 259 324 303 816
743 271 782 302 P.
817 271 1010 302 PAPJNM
1044 271 1210 303 s'rA'rir

236 367 437 409 Vulnera
457 365 563 407 dum
583 365 780 420 lymphis
801 367 1071 421 Epidaurius
1092 369 1198 410 eluit
1219 368 1391 420 Idmon,

237 436 372 479 Nunc
391 434 529 478 velox
548 434 679 486 ferro,
698 448 817 477 nunc
838 436 912 478 ille
933 426 1184 490 notentibus
1201 437 1349 478 herbis

236 504 418 556 Mitior3
447 503 545 557 ipse
566 503 658 544 alta
677 502 887 545 seductus
907 509 1051 545 mente
1069 508 1264 546 renarrat

234 571 465 626 Principia
482 571 661 621 irarum,
684 584 875 626 quaeque
895 584 1022 613 orsus
1040 576 1227 626 uterque
1247 572 1460 623 vicissim,

235 639 352 692 Quis
370 639 498 681 locus
514 638 706 690 insidiis,
728 640 865 682 tacito
888 653 990 694 quae
1012 644 1216 694 tempora
1234 639 1370 690 bello,

234 706 328 758 Qui
346 709 516 757 contra,
536 707 779 761 quantique
799 706 950 758 duces,
971 707 1049 748 ubi
1070 707 1291 748 maximus
1311 707 1376 748 illi

233 774 394 826 Sudor,
415 778 462 815 et
479 773 646 815 indicio
663 778 886 816 servatum
907 774 1090 816 Maeona
1110 775 1240 826 tristi,

1617 505 1704 548 400

231 911 363 943 daurius
371 910 462 952 aquis
472 910 571 943 abluit
581 911 695 952 plagas
707 909 773 950 εἰπε
781 920 795 948 ,·
810 920 891 942 nunc
905 911 960 943 ille
974 911 1079 943 utitur
1094 911 1189 943 celeri
1203 913 1350 944 novacula
1360 922 1374 950 ‚·
1387 921 1470 943 nunc
1483 910 1587 942 herbis
1598 911 1700 953 effica-

230 954 317 985 cibus
330 964 438 986 earum
462 955 599 986 dolorem
625 954 763 993 mitigat.
810 953 881 994 Ipse
909 955 1034 1003 Tydeus
1047 958 1206 986 sevocatus
1227 955 1261 986 in
1286 965 1401 994 magno
1426 955 1542 995 animo,
1570 953 1698 994 exponit

228 996 326 1028 initia
340 997 474 1037 irarum,
487 1001 517 1029 et
533 1007 600 1037 quo:
615 997 675 1028 sibi
692 997 824 1027 invicem
839 997 933 1027 locuti
940 996 1081 1037 suerint,
1091 1007 1158 1038 quoe
1173 998 1260 1030 sedes
1272 998 1472 1037 insidiarum,
1482 998 1564 1038 quod
1578 1000 1700 1037 tempus

231 1040 333 1072 noctis
347 1043 483 1072 sumtum
498 1041 539 1070 ad
555 1043 674 1071 mutum
687 1039 818 1070 bellum.-
839 1039 937 1078 refert
952 1039 1006 1080 qui
1020 1043 1141 1080 contra,
1164 1043 1195 1072 et
1211 1041 1320 1081 quanti
1335 1042 1441 1082 duces,
1466 1039 1520 1071 ubi
1546 1038 1606 1071 sien·
1625 1039 1698 1087 plus

228 1082 432 1125 labor-isfuit,
444 1086 477 1116 et
490 1083 647 1115 Maeonem
661 1086 851 1114 reservatum
866 1082 993 1122 lugubri
1005 1082 1127 1115 nuntio.
1175 1083 1246 1120 Quo
1260 1086 1422 1121 narrante,
1444 1082 1540 1115 amici
1564 1085 1595 1114 et
1615 1080 1697 1122 opti-

844 1177 1081 1191 ‘comme

226 1244 344 1276 branae
361 1241 502 1276 no'strae.
549 1243 597 1276 Et
625 1243 743 1276 abesse
768 1248 898 1285 potest,
929 1248 966 1275 et
997 1243 1216 1284 conservari3
1247 1244 1312 1276 hoc
1339 1243 1420 1276 mihi
1435 1243 1542 1286 magis
1556 1242 1696 1286 placet!

227 1287 455 1319 Raram—399
478 1287 603 1319 Behot.
619 1290 649 1319 1.
663 1292 700 1318 et
723 1287 805 1319 Pnt.
826 1286 1002 1328 tepentibus
1012 1286 1138 1325 herbis‚·
1161 1286 1223 1319 sed
1244 1287 1370 1320 Behot.
1398 1297 1460 1329 pro
1486 1297 1523 1319 ν.
1539 1287 1562 1319 l.
1588 1286 1695 1319 habet

224 1330 403 1371 potentibus
417 1341 430 1368 ;
453 1330 502 1363 sic
518 1340 656 1374 quoque
681 1330 738 1362 alii
754 1329 856 1363 codd.
874 1339 953 1362 cum
968 1329 1047 1362 edd.
1062 1330 1341 1363 omnibus.-402
1364 1329 1473 1363 Codd.
1487 1329 1690 1362 Bartbiani:

887 1420 1034 1453 NOTAE

269 1498 332 1528 398
350 1495 548 1538 Epidaurius
564 1495 691 1537 Idmon]
707 1495 933 1529 Commendat

224 1551 335 1579 artem
350 1547 505 1579 Idmonis
531 1557 551 1579 a
573 1547 704 1588 patria:
729 1548 764 1579 in
783 1547 933 1589 Epidau-

225 1607 263 1628 ro
284 1596 372 1628 enim
391 1597 607 1638 AEsculnpius
632 1598 729 1629 Deus
752 1597 932 1628 medicinae

223 1648 382 1689 religiose
394 1648 584 1680 colebatur.
596 1648 759 1680 Ceterum
770 1650 839 1679 tres
851 1651 933 1679 sunt

223 1699 258 1730 in
271 1699 410 1740 Europa
421 1698 520 1730 urbes
529 1699 670 1740 huJusce
681 1699 840 1738 nominis,
849 1708 931 1740 qua-

222 1759 296 1781 rum
313 1759 381 1781 una
397 1749 430 1781 in
447 1749 634 1791 Dalmatia,
659 1759 735 1792 quae
753 1749 931 1791 Europaeis

227 1800 351 1842 Rugusi
379 1800 588 1842 appellatur,
627 1800 745 1832 alterae
787 1799 864 1831 duae
895 1799 930 1831 in

193 1867 195 1870 .
222 1847 463 1892 Peloponneso
489 1849 564 1882 sitae
590 1855 691 1890 sunt;
714 1859 782 1884 una
807 1850 841 1881 in
863 1848 928 1881 Ar-

222 1901 338 1943 golide
364 1901 407 1932 ad
435 1901 545 1932 sinum
568 1901 768 1933 Saronicum
783 1900 929 1932 delubro

221 1951 413 1993 AEsculapii
437 1951 588 1983 nobilis:
613 1956 716 1984 extra
742 1950 862 1983 urbem
878 1955 927 1983 ta-

219 2012 300 2035 men
316 2001 422 2035 fuisse
436 2002 501 2034 hoc
516 2002 696 2034 delubrum
710 2001 819 2034 tradit
835 2002 927 2034 Pau-

219 2054 333 2086 sanias
351 2052 592 2085 Corinthiacis.
638 2052 686 2084 Et
701 2052 865 2084 oriundus
881 2061 927 2084 ex

220 2105 280 2137 illa
301 2104 424 2137 Idmon
450 2107 588 2144 noster3
610 2102 670 2134 illa
683 2102 787 2135 hodie
803 2102 925 2144 Sophi-

221 2167 287 2190 ano
318 2149 462 2189 vocatur
488 2155 684 2194 Cherrom'si,
702 2155 813 2196 Nigro
844 2154 923 2195 Pig-

218 2208 315 2240 hiada
330 2219 340 2239 .-
364 2208 474 2239 altera
490 2211 542 2238 est
557 2206 591 2238 in
616 2205 737 2238 eadem
752 2205 926 2247 Pelopon-

218 2267 301 2290 neso
316 2257 358 2290 ad
375 2257 486 2289 sinum
499 2255 698 2297 Argolicum
714 2256 748 2286 in
765 2255 927 2296 Laconia,

219 2307 454 2350 ‘Epidauria'
490 2307 665 2347 Straboni,
690 2306 748 2347 qui
778 2306 925 2338 eandem

217 2359 311 2401 prins
342 2359 511 2390 Limeram
537 2357 814 2399 cognominatam
841 2356 927 2388 dicit

217 2409 262 2442 ob
289 2413 407 2451 portus
430 2408 731 2440 commoditatem:
756 2406 924 2448 posterio-

218 2460 310 2492 ribus
327 2459 474 2500 Graecis,
500 2463 538 2490 nt
560 2459 729 2498 Plethori,
746 2458 925 2498 Gregorae,

217 2515 255 2544 et
285 2510 457 2547 Cedreno‚
480 2507 727 2549 ‘Monobasia,'
743 2507 798 2539 vel
825 2507 924 2540 ‘Mo-

216 2560 411 2593 nembasia'
438 2559 660 2601 appellatur:
691 2557 791 2591 hodie
807 2562 923 2590 autem

217 2616 363 2644 vocatur
379 2610 550 2642 Matuasia.

258 2664 323 2694 399
351 2661 448 2694 Velox
460 2660 569 2702 serro]
595 2629 760 2691 Horatius
781 2667 822 2691 ιι.
847 2658 921 2691 Sat.

215 2715 248 2745 8.
283 2712 293 2729 ‘
307 2710 410 2742 Hunc
443 2709 597 2742 medicus
630 2709 775 2741 multum
808 2707 924 2741 celer'

215 2764 310 2796 Nunc
323 2763 376 2794 zue
390 2761 566 2804 potentibus
577 2760 698 2802 herbis]
721 2760 820 2792 'runc
834 2765 919 2792 tem-

215 2813 308 2856 poris
323 2813 397 2846 sola
406 2812 577 2845 medicina
586 2810 800 2846 consistebat
809 2810 844 2843 in
861 2819 919 2842 cu-

988 1495 1119 1528 ratione
1137 1497 1328 1534 vulnerum,
1342 1499 1382 1528 ut
1399 1499 1550 1529 testatur
1566 1495 1693 1528 Corne-

987 1546 1051 1578 lius
1068 1547 1188 1579 Celsus
1204 1547 1264 1580 lib.
1282 1556 1308 1579 1.
1329 1548 1472 1589 loquens
1493 1547 1536 1579 de
1553 1546 1692 1579 Podali-

987 1598 1039 1629 rio
1065 1602 1101 1629 et
1121 1598 1325 1637 Machaone,
1348 1598 1406 1640 qui
1428 1597 1539 1630 secuti
1555 1596 1694 1629 fuerant

987 1647 1080 1680 bello
1115 1649 1262 1690 Trojano
1301 1648 1424 1680 ducem
1463 1647 1691 1689 Agamemno-

987 1708 1088 1730 nem:
1112 1700 1122 1717 ‘
1138 1699 1232 1733 Quos
1262 1703 1379 1731 tamen
1406 1697 1603 1733 Homerus.’
1627 1698 1688 1738 ait,

987 1749 997 1767 ‘
1011 1758 1077 1780 non
1102 1749 1136 1780 in
1165 1749 1376 1790 pestilentia,
1401 1758 1511 1790 neque
1536 1748 1571 1779 in
1588 1747 1690 1780 variis

985 1799 1168 1840 generibus
1180 1799 1379 1843 morborum
1389 1798 1519 1841 aliquid
1532 1798 1690 1830 attulisse

985 1849 1114 1890 auxilii,
1144 1850 1204 1881 sed
1235 1849 1431 1882 vulneribus
1453 1850 1690 1882 tantummodo

982 1899 1075 1932 ferro
1091 1905 1127 1932 et
1147 1900 1408 1933 medicamentis
1423 1901 1551 1932 mederi
1568 1901 1688 1933 solitos

982 1961 1069 1992 esse,
1101 1951 1303 1993 proposuit.'
1345 1951 1601 1983 Medicamenta
1631 1961 1690 1983 au-

983 2006 1053 2033 tem
1075 2006 1173 2033 erant
1197 2002 1291 2033 succi
1312 2001 1508 2041 herbarum,
1521 2011 1597 2044 quae
1615 2002 1687 2034 vul-

980 2051 1119 2084 neribus
1135 2051 1436 2093 inspergebantur.
1482 2051 1572 2084 Vide
1586 2051 1687 2084 Sote-

979 2102 1038 2134 riis
1055 2101 1183 2134 Gallici
1207 2112 1258 2133 vs.
1275 2104 1350 2134 10⁰.

1021 2154 1086 2183 400
1108 2153 1187 2184 Alta
1199 2153 1346 2184 seductus
1360 2151 1476 2194 mente]
1502 2152 1571 2184 Hic
1594 2162 1685 2185 com·

978 2202 1121 2234 mendat
1146 2202 1257 2236 Poe'ta
1282 2202 1522 2236 fortitudinem
1546 2208 1582 2236 et
1604 2213 1685 2236 con-

980 2254 1143 2285 stantiam
1171 2253 1275 2285 animi
1298 2253 1426 2295 Tydei,
1453 2254 1510 2296 qui
1535 2254 1618 2287 licet
1633 2265 1684 2286 se-

981 2310 1119 2337 caretur
1139 2303 1183 2336 ab
1198 2304 1355 2344 Idmone,
1377 2305 1540 2346 succique
1563 2304 1685 2338 herba-

982 2364 1055 2386 rum
1080 2354 1150 2386 suis
1175 2354 1373 2386 vulneribus
1388 2354 1684 2396 inspergerentur‚

977 2404 1069 2447 quod
1085 2403 1160 2436 fieri
1176 2414 1244 2436 non
1268 2409 1408 2445 poterat
1429 2405 1503 2437 sine
1524 2405 1685 2447 gravissi-

977 2465 1033 2487 mo
1063 2455 1194 2495 dolore,
1223 2459 1339 2488 tamen
1370 2456 1470 2498 quasi
1497 2456 1532 2488 in
1557 2465 1683 2498 magno

979 2506 1093 2538 animo
1115 2506 1278 2539 seductus
1295 2516 1315 2538 a
1330 2515 1431 2539 sensu
1451 2505 1579 2539 doloris
1600 2506 1684 2539 fuis·

978 2562 1044 2598 set,
1059 2557 1222 2590 narrabat
1237 2558 1354 2600 quieto
1381 2557 1494 2590 animo
1518 2558 1679 2601 quicquid

978 2618 998 2640 a
1014 2618 1049 2640 se
1067 2614 1200 2649 gestum
1214 2608 1342 2641 fuerat.

1017 2661 1081 2691 401
1110 2659 1265 2701 Uterque]
1278 2659 1415 2702 Tydeus
1432 2659 1507 2702 ipse
1522 2662 1560 2692 et
1576 2659 1680 2692 Eteo-

976 2708 1057 2741 cles.

1017 2760 1082 2791 404
1107 2758 1229 2791 Indicio
1243 2761 1402 2792 servatum
1423 2758 1566 2800 Maeona]
1586 2758 1679 2793 Vide

974 2812 1023 2842 v's.
1039 2811 1116 2842 690.
1132 2813 1168 2843 et
1184 2819 1256 2853 seq.
1279 2809 1357 2843 libri
1373 2809 1613 2854 praecedentis.
