1820 3068
235 225 351 268 1054

740 236 782 267 P.
817 235 1006 268 PAPINII
1040 236 1205 269 STA'rn

236 331 322 374 Sed
344 332 462 386 pius,
482 337 525 373 et
544 330 692 384 magni
714 331 885 381 vehitur
904 333 1091 375 conviva
1109 333 1341 378 Tonantis.

237 401 373 442 Parte
392 400 479 442 alia
500 401 641 442 victor
661 400 792 441 curru
811 399 1044 454 Neptunia
1062 401 1206 443 tendit

235 466 354 509 Lora
374 467 565 522 Pelops,
582 471 847 522 pressatque
866 471 986 510 rotas
1008 469 1161 522 auriga
1180 472 1389 511 natantes

237 536 466 591 Myrtilus,
483 539 526 577 et
545 535 716 577 volucri
730 535 827 589 jam
842 535 1030 590 jamque
1052 537 1316 591 relinquitur
1332 549 1433 580 axe.

1612 538 1699 582 285

236 604 297 646 Et
316 604 462 658 gravis
484 603 992 665 Acrisium-speciesque
1008 604 1230 646 horrenda
1250 603 1480 657 Choroebi,
1684 644 1696 648 ,μ

237 671 298 713 Et
322 671 474 714 Danae
497 672 680 726 culpata
702 671 849 714 sinus:
882 675 926 714 et
943 672 990 713 in
1011 685 1137 714 amne
1158 677 1329 727 reperto
1619 688 1639 699 ·
1673 686 1678 689 ’

234 738 398 780 Tristis
418 737 680 794 Amymone,
702 751 931 793 parvoque
951 737 1167 782 Alcmena
1188 740 1390 796 superbit

236 869 339 901 Jovis.
387 870 485 902 Parte
509 880 550 902 ex
571 871 636 902 alia
660 869 760 902 victor
785 870 898 920 Pelops
912 869 1026 902 laxat'
1014 880 1048 902 m
1062 879 1157 903 curru
1171 871 1352 913 Neptunias
1364 871 1514 912 habenas,
1537 876 1567 905 et
1586 873 1701 922 aurig'a

237 912 395 954 Myrtilus
408 917 502 953 urget
514 916 602 945 rotas
609 913 785 954 fluitantes,
806 913 912 951 etjam
927 917 1093 953 superatur
1105 924 1125 945 a
1139 883 1244 946 celerip
1246 925 1319 952 axe,
1341 918 1373 947 ee
1384 918 1529 948 austerus
1543 913 1702 955 Acrismsr,

236 959 269 987 et
284 955 437 987 terribilis
452 957 558 996 imago
570 956 727 996 Choroebi,
738 966 775 987 ac
787 956 900 987 Dana'e’
912 957 1036 997 culpata
1048 956 1085 987 ob
1094 961 1248 998 receptam
1263 957 1335 989 auri
1347 957 1511 999 pluviam’
1499 969 1533 991 m
1546 959 1703 999 gremium

233 1008 337 1040 suum,
360 1002 392 1031 et
407 998 581 1041 Amymone
602 1002 710 1031 ntoesta
725 999 826 1038 juxta
847 999 1009 1031 inventum
1027 999 1175 1042 fluvium,
1198 1004 1230 1033 et
1250 1001 1402 1033 Alcmena
1423 1002 1583 1042 gloriatur
1603 1011 1702 1043 parco

851 1094 988 1107 eeeeeee

992 1095 1090 1107 ‘IN‘

239 1166 346 1200 Basil.
362 1167 480 1199 Plant.
496 1170 534 1199 et
548 1166 694 1199 Gevart.
698 1169 804 1198 -284
829 1164 941 1208 Pelops
956 1171 1142 1209 prensatque
1165 1165 1703 1202 Behott.1.2.Pet1-ens.'raur

238 1210 302 1241 rin.
319 1211 438 1242 Burin.
456 1210 540 1242 Exc.
557 1210 704 1242 Cantab.
720 1214 756 1241 et
772 1210 820 1241 sic
837 1211 893 1251 leg
896 1211 922 1241 it
938 1211 1031 1242 Dan.
1057 1211 1179 1243 Heius.
1195 1211 1237 1242 ad
1253 1211 1432 1244 claudian.
1450 1211 1558 1244 Laud.
1581 1211 1704 1246 Seren-

238 1255 312 1284 166.
325 1249 394 1284 Pro
409 1255 555 1285 natantes
570 1252 724 1285 nonnulli
739 1253 841 1286 codd.
856 1253 983 1285 habent
998 1255 1148 1286 colantes.
1149 1257 1254 1286 —285
1280 1255 1377 1286 Unus
1402 1254 1526 1286 Behot.
1545 1254 1704 1285 Min-eolus.

236 1308 344 1338 -287
370 1307 414 1338 Et
428 1306 522 1339 Dane
535 1316 562 1340 c.
578 1318 604 1339 s.
618 1311 650 1339 et
664 1307 696 1338 in
707 1318 767 1339 ane
783 1308 816 1338 in
829 1306 951 1339 eodem
967 1307 1110 1346 codice;
1127 1308 1173 1339 Et
1188 1308 1301 1340 Danae'
1314 1319 1343 1340 e.
1359 1318 1385 1340 s.
1401 1311 1494 1349 atque
1508 1317 1597 1339 amne
1611 1308 1705 1339 Dan.

236 1349 317 1381 Put.
345 1349 469 1382 Petav.
497 1351 605 1392 Lang.
635 1351 736 1384 Laur.
765 1351 898 1382 Buslid.
927 1354 964 1383 et
989 1351 1067 1383 edd.
1092 1354 1178 1383 vett.
1222 1351 1376 1383 Mutavit
1389 1351 1706 1395 Gronovius—292

907 1448 1051 1480 NOTAE

279 1524 345 1553 282
362 1522 502 1554 Conviva
519 1523 688 1564 Tonantis]
702 1523 846 1564 Jupiter
858 1523 947 1555 enim

236 1572 326 1604 tanti
341 1572 491 1606 faciebat
508 1574 607 1607 initio
624 1574 825 1614 Tantalum,
842 1578 881 1606 ut
904 1573 948 1606 ad

237 1633 332 1656 suam
350 1634 498 1657 mensam
515 1626 736 1658 admitteret:
761 1636 828 1668 quo
842 1626 947 1658 hono-

236 1683 274 1705 re
291 1674 444 1715 privatus
459 1676 537 1716 fuit,
553 1687 628 1709 cnm
644 1680 779 1709 secreta
794 1677 947 1709 Deorum

237 1725 431 1757 hominibus
447 1727 672 1768 prodidisset,
688 1730 725 1759 et
747 1727 824 1759 Diis
839 1726 948 1760 filium

236 1776 444 1818 epulandum
461 1778 702 1820 apposuisset:
726 1778 769 1810 ob
786 1789 862 1821 quae
876 1787 948 1810 sce-

187 1823 190 1826 ’
236 1826 310 1859 iera
326 1827 360 1859 in
381 1827 516 1861 Inferos
539 1829 700 1861 detrusus
717 1833 782 1870 est,
797 1829 856 1862 ubi
870 1839 947 1871 per-

236 1883 344 1919 petua
359 1877 451 1911 fame
467 1883 503 1912 et
518 1880 575 1911 siti
591 1879 776 1922 cruciatur,
791 1880 888 1922 aquis
911 1879 947 1911 in

235 1928 360 1972 quibus
377 1930 556 1962 immersus
572 1936 626 1964 est
642 1937 760 1965 mento
776 1936 889 1972 tenus,
907 1925 947 1963 ¹et:

238 1982 349 2022 pomis
370 1991 448 2023 quae
474 1982 580 2023 capiti
599 1983 672 2024 ejus
697 1982 878 2014 imminent
893 1980 947 2013 fu-

239 2033 430 2073 gientibus‚
444 2031 518 2066 sive
545 2034 631 2067 velit
655 2034 788 2075 bibere,
807 2033 879 2065 sive
906 2042 948 2064 ea

239 2093 380 2126 capere.

281 2137 346 2167 283
380 2135 543 2177 Neptunia
573 2136 676 2167 tendit
704 2135 790 2167 Lora
821 2133 948 2176 Pelops]

239 2185 371 2228 Pelops
395 2186 486 2218 filius
505 2186 659 2227 Tantali,
676 2186 801 2228 quique
827 2195 950 2218 nomen

239 2237 484 2280 Peloponneso
501 2236 612 2276 dedit,
628 2246 732 2278 equos
749 2246 769 2267 a
787 2236 951 2277 Neptuno

241 2289 390 2331 accepit,
407 2287 530 2330 quibus
549 2287 752 2319 OEnomaum
768 2287 875 2327 vicit;
893 2296 951 2318 un-

243 2340 287 2372 de
301 2339 358 2371 hic
373 2339 489 2371 victor.

285 2393 351 2422 284
376 2391 475 2421 Rotas
489 2388 651 2429 natantes]
676 2387 846 2429 Exiliores
861 2387 952 2419 enirn

242 2444 280 2472 et
309 2439 512 2471 infirmiores
537 2449 620 2471 axes
649 2439 763 2470 currui
791 2438 952 2470 OEnomai

244 2489 472 2532 subjunxerat
498 2490 662 2531 Myrtilus
690 2489 828 2531 auriga:
861 2489 952 2521 unde

242 2543 370 2576 circum
388 2552 446 2574 eas
468 2541 634 2573 natabant
657 2544 755 2580 rotae,
779 2549 843 2572 nec
869 2540 952 2572 satis

244 2597 378 2635 promte
404 2592 623 2625 circumverti
646 2596 809 2633 poterant
827 2591 872 2623 ad
891 2589 951 2623 ob'-

242 2643 418 2676 tinendam
434 2643 624 2675 victoriam.

291 2697 353 2725 285
371 2693 540 2736 Myrtilus]
559 2692 689 2734 Auriga
702 2691 859 2724 OEnomat
875 2701 953 2733 pre-

247 2745 297 2777 tio
314 2749 493 2785 correptus
510 2755 530 2775 a
552 2745 685 2784 Pelope
704 2753 786 2775 axes
801 2743 952 2775 infirmos

247 2805 287 2827 ac
303 2793 443 2835 fragiles
456 2794 737 2826 curruiOEnomai
749 2793 950 2835 subjunxit3

1002 1524 1066 1557 hoc
1082 1525 1185 1558 modo
1201 1524 1313 1557 fracto
1330 1533 1434 1556 curru
1449 1524 1635 1557 OEnomaus
1650 1534 1706 1557 ce-

1002 1575 1100 1617 cidit,
1115 1581 1152 1607 et
1167 1576 1291 1607 collum
1307 1573 1412 1616 fregit
1426 1585 1435 1606 :
1453 1575 1634 1607 intellecta
1650 1584 1706 1607 ve·

1003 1637 1042 1658 ro
1056 1626 1186 1667 aurigae
1209 1625 1365 1667 perfidia,
1384 1629 1547 1667 precatus
1562 1629 1617 1658 est
1637 1632 1709 1658 mo*-

1002 1678 1092 1709 riens
1109 1677 1290 1718 Pelopem,
1311 1681 1352 1709 ut
1372 1685 1469 1709 snam
1492 1680 1638 1709 mortem
1661 1675 1711 1709 ul-

1002 1728 1215 1761 cisceretur:
1244 1733 1328 1773 'cum
1349 1724 1456 1769 igitur
1469 1727 1640 1773 ⁴Myrtilus
1656 1727 1709 1759 sui

1002 1779 1143 1811 sceleris
1157 1774 1352 1811 mercedem
1368 1788 1389 1810 a
1403 1777 1537 1820 Pelope
1551 1787 1709 1820 reposce-

1003 1835 1070 1870 ret,
1085 1830 1218 1872 abipso
1228 1825 1471 1871 p'raecipitatns
1484 1833 1540 1862 est
1554 1829 1590 1862 iu
1602 1839 1709 1870 mare,

1003 1879 1093 1922 quod
1109 1880 1189 1912 inde
1205 1890 1225 1911 a
1240 1879 1375 1922 Myrtili
1386 1879 1523 1911 nomine
1533 1878 1710 1922 Myrtoum

1003 1934 1170 1963 vocatum*
1193 1934 1259 1962 est.
1308 1929 1436 1963 Volucri
1461 1929 1538 1973 axe]
1573 1929 1616 1963 Id
1647 1935 1714 1972 est,

1002 1991 1102 2014 curru
1121 1979 1262 2022 Pelopis
1277 1980 1422 2013 scilicet.

1045 2035 1110 2064 286
1146 2033 1191 2063 Et
1217 2031 1328 2071 gravis
1354 2030 1517 2072 Acrisius]
1553 2029 1708 2076 Acrisius

1003 2093 1065 2115 rex
1077 2082 1260 2123 Argorum,
1272 2086 1371 2123 pater
1379 2081 1528 2114 Danaes.
1542 2081 1634 2123 Vide
1645 2082 1711 2122 Th,

1002 2142 1029 2166 1.
1067 2133 1252 2175 Specie-sque
1265 2133 1420 2165 horrenda
1436 2132 1595 2174 Choroeln‘]
1623 2133 1710 2166 Cho-

1005 2185 1119 2217 roebus
1148 2185 1207 2216 ille
1236 2188 1292 2217 est
1315 2184 1374 2226 qni
1400 2183 1534 2216 Poenen
1570 2183 1710 2222 occidit,

1005 2237 1150 2278 ejusque
1183 2234 1328 2267 monstri
1358 2239 1465 2276 capnt
1494 2233 1586 2275 tulit,
1621 2231 1710 2267 unde

1006 2287 1142 2329 species
1169 2285 1341 2318 horrenda
1370 2285 1509 2318 dicitur.
1545 2285 1651 2318 Theb.
1669 2295 1711 2318 ιι.

1007 2338 1018 2355 ‘
1029 2336 1202 2379 Nudoque
1223 2335 1338 2368 ferens
1349 2339 1455 2378 caput
1473 2344 1557 2368 ense
1572 2335 1711 2382 Clioroe-

1006 2386 1094 2419 bus.’

1048 2441 1114 2470 288
1148 2437 1264 2469 Tristis
1291 2436 1482 2480 Amymone]
1519 2436 1710 2485 Amymone

1005 2485 1076 2519 filia
1092 2487 1215 2526 Danai,
1228 2497 1306 2520 cnm
1323 2487 1426 2519 missa
1439 2485 1562 2521 fuisset
1577 2498 1597 2520 a
1612 2489 1711 2546 patre

1008 2538 1051 2569 ad
1068 2538 1287 2580 quaerendam
1310 2547 1445 2580 aquam,
1467 2538 1585 2572 Inachi
1599 2530 1712 2583 ronu-

1006 2588 1069 2621 bus
1084 2588 1222 2621 siccatis
1239 2598 1259 2620 a
1273 2587 1452 2634 Neptuno,
1465 2588 1587 2626 incidit
1601 2589 1635 2623 in
1652 2590 1711 2621 Sa-

1006 2643 1133 2681 tyrum,
1162 2639 1220 2680 qui
1247 2639 1313 2670 vim
1345 2638 1395 2671 illi
1423 2633 1553 2671 inferre
1580 2639 1712 2675 voluit:

1007 2690 1180 2721 clamante
1193 2693 1307 2722 autem
1319 2689 1433 2730 puella
1449 2685 1603 2721 accurrit
1618 2690 1713 2732 Nep-

1007 2744 1123 2780 tunus,
1137 2750 1177 2772 ac
1191 2740 1361 2782 Satyrus
1353 2749 1384 2771 m
1401 2734 1515 2780 fugam
1532 2748 1569 2771 se
1585 2739 1707 2787 dedit;

1006 2790 1066 2823 sed
1083 2799 1247 2832 perpessa
1262 2793 1317 2822 est
1335 2799 1356 2822 a
1379 2789 1557 2831 Neptuno,
1579 2791 1669 2833 quod
1687 2801 1707 2825 ιι

1807 1942 1820 2039 —ifl'mu
1815 1910 1820 1926 η.
1817 1894 1820 1897 .
1808 1867 1820 1883 ,ιῖ
1811 1819 1820 1849 .’,.ι

1812 2435 1820 2462 -.m
1815 2410 1820 2423 >-
1806 2270 1820 2394 i‘fl‘ffla—i·'<.
1807 2246 1820 2259 ἡ
