1820 3068
209 188 297 231 594
710 198 751 227 Ρ.
781 195 975 228 PAPmu
1009 196 1175 228 sm'ru

251 292 378 336 probra
392 291 541 325 invicem
556 295 593 324 et
607 290 715 324 minas
733 291 872 334 jactant
887 302 897 332 ;
919 300 999 324 mox
1013 292 1057 324 ad
1073 301 1192 325 manus
1207 292 1361 325 veniunt.
1406 291 1462 325 Ad
1484 292 1667 335 strepitum

254 346 423 379 Adrastus
447 346 635 385 excitatur,
649 349 685 377 et
705 343 839 377 facibus
861 345 1017 378 accensis
1039 355 1207 387 egressus,
1227 345 1312 378 duos
1332 345 1571 379 adolescentes
1591 357 1668 379 san-

253 401 356 442 guine
380 409 555 442 respersos
579 398 684 432 videt.
726 398 942 440 sciscitatus,
957 399 1056 441 cujus
1080 400 1214 441 generis
1237 405 1366 441 essent,
1381 405 1418 433 et
1441 411 1517 443 quae
1540 401 1668 433 irarum
1693 433 1696 435 ,

255 464 382 495 causae,
394 453 532 495 Tydeus
548 462 586 485 se
601 452 704 485 OEnei
719 451 904 490 Calydonis
926 452 1018 494 regis
1031 452 1154 494 filiurn,
1171 453 1364 495 Polynices,
1376 454 1596 496 splendorem
1611 464 1670 486 na-

255 508 373 540 talium
403 516 471 539 non
506 506 573 538 sibi
601 506 734 546 deesse,
760 505 962 547 respoudit:
999 511 1179 548 parentum
1209 511 1325 540 tamen
1360 508 1496 540 nomina
1531 508 1668 541 reticet.

255 561 435 600 Adrastus,
457 559 620 602 mitigatis
643 569 759 591 eorum
783 559 916 601 animis,
935 559 972 591 in
995 559 1141 601 Regiam
1166 570 1224 593 eos
1244 561 1457 602 introducit;
1485 567 1670 604 utrumque

255 615 364 648 oculis
379 614 581 656 perlustrat,
596 617 632 645 et
647 614 735 646 hunc
750 613 858 646 leonis
873 614 977 656 pelle,
993 614 1088 646 illum
1101 614 1176 656 apri
1191 615 1322 648 exuviis
1336 615 1492 648 indutum
1514 625 1672 655 cernens,

255 668 405 710 conjecit
426 677 485 700 eos
500 676 587 708 esse,
602 677 685 709 quos
700 667 765 699 sibi
781 677 925 710 generos
941 667 1014 700 fata
1037 668 1272 701 destinabant.
1316 669 1422 702 Nocti
1443 670 1571 711 gratias
1586 668 1673 710 agit,

258 722 348 764 quod
372 722 446 764 ejus
462 731 542 762 ope,
557 721 786 763 solicitudine,
801 731 869 763 qua
884 721 1011 754 dudum
1027 722 1229 764 urgebatur,
1244 722 1408 755 liberatus
1429 728 1531 755 esset.
1560 722 1674 755 Sacri-

256 775 337 807 ficia
359 775 447 817 fieri,
465 775 640 817 dapesque
657 774 785 817 afferri,
806 785 847 808 ac
863 775 950 807 filias
973 776 1136 808 accersiri
1150 777 1264 818 jubet.
1307 777 1420 809 Sacris
1435 776 1570 808 demum
1593 785 1672 818 per-

259 830 360 870 actis,
376 839 505 861 memor
528 828 687 870 Tydeum
715 830 809 870 prius
833 828 974 871 dixisse,
995 829 1039 861 ab
1061 829 1172 862 OEneo
1196 840 1233 861 se
1259 834 1384 868 ortum,
1405 829 1448 862 ad
1471 829 1672 871 Polynicem

257 893 457 921 conversus,
474 882 516 915 ab
532 893 585 920 eo,
599 883 721 925 quibus
735 883 935 925 parentibus
949 888 1048 916 natus
1062 888 1170 923 esset,
1184 884 1345 925 postulat.
1388 883 1573 925 Polynices
1588 892 1672 924 pau·

255 939 325 969 lum
340 941 531 978 cunctatus,
545 936 710 970 Cadmum
733 937 867 979 generis
890 938 943 969 sui
962 943 1150 978 auctorem,
1163 938 1299 970 Tbebas
1322 938 1483 980 patriam,
1497 937 1672 970 Jocastam

258 996 402 1025 matrem
418 1000 493 1023 esse
509 990 617 1030 dicit;
641 994 775 1032 patrem
790 1001 859 1023 uon
873 991 1038 1024 nominat.
1083 991 1147 1024 Cui
1164 990 1333 1023 Adrastus
1354 990 1541 1032 respondet
1558 990 1674 1023 celare

258 1044 387 1078 frustra
412 1045 507 1077 illum
524 1045 625 1086 velle,
651 1054 727 1087 quae
752 1044 908 1077 omnibus
929 1049 1011 1077 nota
1034 1049 1173 1084 essent;
1197 1054 1315 1077 verum
1336 1051 1519 1086 pareutum
1543 1044 1675 1076 scelera

257 1100 376 1132 liberis
404 1108 472 1130 non
503 1107 640 1135 nocere,
663 1098 765 1130 modo
795 1102 959 1140 parentes
985 1108 1051 1131 non
1083 1098 1275 1132 imitentur.
1318 1098 1474 1131 Tandem
1501 1097 1673 1130 Adrastus

259 1154 421 1195 hymnum
436 1152 471 1183 iu
486 1151 648 1184 honorem
661 1149 832 1194 Apollinis
848 1152 956 1185 canit.

222 1378 548 1438 FRATERNAS
570 1394 707 1446 acies,
727 1393 987 1449 alternaque
1006 1405 1139 1447 regna
1159 1393 1355 1448 profanis

222 1462 467 1506 Decertata
487 1463 618 1515 odiis,
639 1466 876 1517 sontesque
893 1463 1097 1504 evolvere
1115 1461 1312 1512 Thebas,

264 1563 392 1595 Pierius
410 1565 506 1596 ardor
529 1562 627 1596 subiit
642 1563 781 1596 animum
795 1562 1122 1601 enarrandifmterm
1135 1561 1226 1603 bella,
1246 1565 1277 1594 et
1291 1571 1422 1603 regam
1435 1560 1555 1594 vicibus
1567 1560 1680 1594 huben-

265 1723 415 1764 Singulis
429 1723 628 1756 Thebaidos
642 1724 754 1765 libris,
774 1724 803 1756 si
816 1724 907 1756 hunc
924 1723 1068 1766 primum
1097 1723 1221 1756 librum
1248 1723 1414 1765 excipias,
1434 1721 1578 1764 praefixa
1601 1724 1681 1753 sunt

224 1765 436 1808 Argumenta
449 1766 486 1798 in
503 1767 720 1799 membranis.
763 1766 1013 1810 Argumentum
1029 1776 1125 1807 vero,
1148 1765 1238 1809 quod
1254 1766 1350 1798 initio
1370 1765 1471 1807 hujus
1491 1764 1570 1796 libri
1594 1763 1680 1796 desi—

224 1809 395 1848 deramus,
418 1810 495 1841 olim
519 1810 679 1842 extitisse
695 1809 822 1842 indicio
848 1811 947 1842 nobis
968 1815 1023 1843 est
1047 1810 1264 1848 Lactantius,
1285 1808 1344 1851 qui
1372 1809 1447 1850 ejus
1473 1805 1682 1839 mentionem

223 1851 311 1884 facit
325 1853 359 1884 in
376 1853 712 1886 Commentariis—1
736 1854 884 1887 Quidam
909 1854 1010 1886 codd.
1027 1853 1184 1885 Barthii:
1206 1855 1399 1893 cognataque
1422 1859 1524 1890 regnu
1535 1860 1550 1888 ‚-
1571 1848 1681 1880 etita

223 1895 309 1936 legit
333 1896 546 1936 Lactantius,
569 1901 605 1927 et
631 1896 720 1928 citat
742 1897 857 1929 media
881 1900 986 1929 aetate
1010 1897 1159 1938 scriptor
1183 1895 1345 1928 Chronici
1370 1892 1684 1931 Laurishameusis3

223 1938 405 1980 alternaque
420 1939 515 1971 Rom.
536 1938 640 1971 Aldd.
666 1940 776 1972 Colin.
803 1939 877 1982 Gry
904 1940 938 1972 h.
965 1940 1070 1972 Basil.
1095 1939 1213 1970 Plaut.
1237 1940 1366 1971 δια-2
1389 1937 1558 1970 Βίσεήαία
1569 1934 1683 1967 codex

225 1981 377 2023 quidam,
398 1991 499 2024 quem
511 1982 600 2014 citat
615 1983 820 2015 Barthiusin
836 1982 868 2015 A
896 1993 985 2015 vers.
1009 1981 1069 2015 lib.
1086 1991 1165 2014 xvt.
1189 1991 1265 2024 cap.
1289 1983 1344 2014 20.
1364 1980 1522 2022 scutisque
1545 1978 1684 2021 evolvere

885 2078 1028 2112 NOTAE

273 2144 459 2186 Thebaidos]
493 2145 641 2177 Thebais
670 2154 794 2177 nomen
824 2144 929 2177 sumit

228 2195 277 2226 ab
285 2200 506 2236 argumento:
525 2196 681 2228 continet
693 2196 783 2228 enim
800 2195 929 2228 bellum

984 2154 1046 2176 rex
1063 2142 1284 2182 Albanorum,
1296 2141 1377 2174 filiis
1394 2139 1531 2173 Amulio
1555 2142 1593 2171 et
1610 2137 1683 2170 Nu-

983 2195 1097 2228 mitori
1111 2204 1253 2236 reguum
1266 2193 1386 2226 annuis
1402 2191 1534 2224 vicibus
1554 2186 1684 2222 haben-

228 2245 319 2287 quod
345 2246 436 2278 inter
459 2247 639 2279 Eteoclem
662 2253 700 2279 et
729 2246 930 2289 Polynicem

229 2294 272 2327 ad
282 2296 416 2328 Thebas
433 2301 567 2338 gestum
583 2301 649 2329 est.

274 2349 290 2378 l
317 2348 490 2380 Fraternas
508 2347 606 2388 acies]
627 2348 810 2390 Polynices
839 2347 929 2380 enim

231 2403 269 2430 et
295 2398 473 2439 Eteocles,
494 2398 583 2430 iuter
606 2408 689 2440 quos
714 2399 841 2430 bellum
867 2398 933 2431 hoc

228 2449 427 2481 Thebanum
443 2453 577 2491 gestum
591 2454 654 2490 est,
678 2455 778 2482 erant
791 2449 933 2490 fratres,

230 2505 267 2531 et
288 2500 405 2541 OEdipi
431 2500 512 2533 filii:
535 2501 570 2532 in
598 2510 709 2543 eoque
737 2501 838 2533 ambo
861 2511 935 2533 mu·

235 2550 303 2581 tuis
319 2551 514 2584 vulneribus
530 2552 745 2584 cecideruut.
789 2553 937 2585 Alternu-

233 2610 291 2642 que
311 2601 425 2642 regna]
446 2603 565 2635 Vacuo
588 2613 652 2645 per
681 2602 934 2636 abdicationem

234 2652 353 2693 OEdipi
374 2652 562 2685 Thebarum
586 2654 681 2696 regio
705 2655 800 2691 solio,
830 2655 934 2686 Eteo-

237 2703 307 2734 cles
330 2707 368 2733 et
384 2702 569 2744 Polynices
596 2705 691 2744 pacti
715 2710 808 2745 sunt,
831 2710 871 2737 ut
888 2705 936 2736 al·

238 2753 346 2794 ternis
359 2754 456 2786 aunis
471 2755 693 2796 imperarent.
735 2756 794 2788 Sic
805 2754 937 2788 Procas

985 2246 1064 2279 dum
1089 2246 1238 2288 reliquit.
1282 2242 1449 2284 Prosaais]
1463 2242 1560 2274 Beue
1579 2240 1686 2282 prosa-

983 2298 1044 2330 m's.
1088 2297 1217 2329 Omnes
1243 2295 1333 2328 enirn
1362 2292 1544 2326 discordiae
1576 2296 1614 2324 et
1636 2292 1686 2339 in·

984 2348 1137 2381 imicitiae
1152 2348 1244 2379 iuter
1265 2344 1394 2378 fratres
1418 2347 1455 2377 et
1477 2342 1685 2386 propinquos

986 2399 1099 2441 im'piae
1111 2402 1191 2431 sunt
1204 2401 1241 2430 et
1256 2395 1421 2439 profanae.

1030 2453 1051 2482 2
1074 2447 1262 2488 Decertatu]
1279 2444 1492 2485 Bernartius,
1515 2446 1552 2475 et
1575 2442 1687 2475 ceteri

988 2501 1218 2541 Interpretes,
1233 2506 1296 2539 pro
1307 2496 1319 2515 ‘
1335 2495 1434 2528 valde
1449 2498 1486 2527 et
1501 2494 1687 2536 pertinaci-

989 2556 1045 2583 ter
1058 2548 1214 2590 certata,'
1235 2550 1466 2589 acceperunt3
1488 2545 1688 2587 praepositio

989 2601 1079 2634 enim
1098 2600 1184 2633 ‘de'
1205 2599 1241 2631 in
1261 2597 1511 2639 compositione
1539 2597 1687 2638 plerum·

991 2662 1058 2695 que
1073 2654 1196 2693 auget:
1211 2653 1251 2682 nt
1265 2649 1299 2681 iu
1311 2645 1476 2688 ‘deamo,'
1491 2645 1688 2688 ‘depereo,’

992 2709 1028 2736 et
1041 2702 1219 2736 similibus.
1244 2699 1407 2733 Barthius
1422 2707 1504 2730 vero
1515 2696 1690 2729 neminem

991 2755 1228 2796 Interpretum
1248 2751 1316 2783 vim
1338 2751 1436 2792 hujus
1456 2748 1553 2782 verbi
1569 2757 1690 2790 peree-
