1820 3068
266 231 353 274 956
771 243 811 272 P.
843 242 1038 274 ΡΑΡιΝιι
1073 242 1238 276 STA'rn

265 335 506 379 Eumenis:
538 350 566 379 o
587 336 776 388 miserae,
797 338 963 392 quibus
985 339 1057 382 hic
1074 340 1199 383 furor
1218 340 1394 384 additus
1408 342 1419 384 ἔ
1434 355 1478 383 ·o
1495 355 1588 384 nox
1606 342 1616 384 !

267 404 307 446 Ο
329 406 481 458 pater!
510 405 588 446 illa
606 418 688 458 ego
708 419 822 457 sum,
845 405 1038 462 (pudeat
1058 422 1115 451 ne
1137 409 1246 451 forte
1264 410 1468 463 benignae

266 471 512 526 Hospitis,)
532 473 624 522 illa,
645 472 795 525 duces,
815 480 991 529 raptum
1011 489 1112 530 quae
1133 477 1233 518 sola
1249 481 1478 531 parentem

267 539 458 581 Occului
478 554 488 582 :
521 541 628 595 quid
649 541 782 594 longa
801 542 932 583 malis
953 544 1135 586 exordia
1155 546 1315 586 necto?

266 607 323 648 Et
338 620 422 649 vos
445 620 567 649 arma
586 612 764 658 vocant,
780 610 1017 664 magnique
1037 610 1083 651 in
1103 611 1236 653 corde
1256 614 1453 665 paratus.

266 674 374 717 Hoc
394 689 660 717 memorasse
679 679 749 717 sat
766 680 861 730 est;
893 678 1011 719 claro
1032 682 1240 731 generata
1258 679 1476 730 Thoante,

267 741 505 785 Servitium
528 743 785 797 Hypsipyle
805 745 939 786 vestri
961 744 1053 786 fero
1075 749 1208 799 capta
1231 746 1435 800 Lycurgi.

265 809 514 859 Advertere
535 812 720 861 animOS,
742 811 986 866 majorque,
1009 817 1056 854 et
1075 813 1246 855 honora
1264 814 1406 855 videri

266 877 447 932 Parque
468 878 594 932 operi
615 882 736 920 tanto
754 892 763 920 :
796 880 967 920 cunctis
986 884 1091 921 tunc
1111 893 1295 922 noscere
1316 894 1453 922 casus

268 947 407 989 Ortus
426 960 578 991 amor:
609 952 737 1002 pater
757 951 858 989 ante
878 947 995 989 alios
1015 948 1212 990 hortatur
1232 948 1468 992 Adrastus.

266 1015 412 1057 Immo
431 1015 529 1068 age,
550 1015 652 1056 dum
676 1015 807 1069 primi
829 1015 956 1069 longe
977 1016 1136 1058 damus
1160 1016 1336 1070 agmina
1353 1016 1492 1071 vulgi,

267 1082 368 1125 Nec
389 1083 536 1125 facilis
558 1083 730 1124 Nemee
751 1083 868 1124 latas
891 1083 1096 1125 evolvere
1117 1083 1251 1134 vires,

267 1150 453 1205 Quippe
474 1151 654 1193 obtenta
673 1152 825 1201 comis,
847 1154 889 1192 et
907 1150 1210 1193 ineluctabilis
1231 1152 1399 1202 umbra,

1674 464 1818 518 35¹

1677 814 1735 855 40

1678 1153 1769 1195 45,

270 1281 300 1312 Ο
315 1281 531 1322 ἰηῖονὶαηαίιε,
546 1282 658 1323 quibus
672 1283 737 1315 haec
759 1283 861 1314 rabies
876 1283 947 1322 fuit
970 1283 1135 1315 immissa!
1157 1295 1174 1315 o
1189 1282 1276 1316 nox!
1298 1293 1316 1315 o
1335 1282 1453 1325 pater!
1498 1284 1569 1324 Ego
1585 1293 1651 1315 sum
1666 1283 1736 1322 illa,

261 1325 434 1365 principes,
455 1326 605 1366 (neforte
620 1326 806 1358 erubescatis
821 1326 955 1368 officiosa
970 1326 1126 1367 hospita,)
1141 1327 1197 1358 illa
1211 1337 1294 1366 sum,
1311 1337 1381 1367 quoe
1396 1327 1462 1358 sola
1474 1327 1582 1358 abdidi
1595 1326 1737 1358 subtrac-

265 1369 333 1398 tum
348 1372 479 1408 patrem.
529 1369 616 1404 Quid
631 1369 738 1400 multis
757 1369 858 1400 verbis
879 1373 952 1399 utor
973 1369 1007 1400 in
1026 1369 1194 1401 narrandis
1210 1370 1442 1402 calamitatibus
1457 1370 1555 1401 meis?
1576 1372 1609 1401 et
1623 1369 1736 1402 bellum

266 1413 298 1443 ,et
319 1419 434 1450 magna
456 1410 592 1452 incepta,
609 1421 679 1452 quae
694 1411 728 1443 in
743 1415 845 1443 mente
859 1411 1007 1451 agnatis,
1029 1421 1083 1447 vos
1103 1412 1197 1444 cient.
1242 1412 1315 1444 Hoc
1328 1412 1462 1454 sufficiet
1475 1412 1595 1443 dixisse
1605 1422 1618 1449 ;
1642 1411 1736 1452 Hyp-

266 1451 365 1494 sipyle
379 1463 398 1484 a
415 1453 527 1485 celebri
545 1454 684 1485 Thoante
705 1457 787 1494 orta,
807 1455 931 1495 captiva
952 1454 1134 1492 servitutem
1154 1455 1255 1492 servio
1282 1457 1365 1497 apud
1384 1457 1521 1487 cestrum
1542 1454 1736 1496 Lycurgum.

270 1494 498 1535 Applicuerunt
512 1499 642 1536 mentes,
656 1501 686 1528 et
701 1497 769 1528 visa
784 1500 831 1528 est
845 1496 912 1528 illis
926 1497 1101 1537 augustior,
1116 1501 1148 1529 et
1162 1498 1378 1537 venerabilior,
1402 1508 1438 1529 ac
1459 1507 1561 1539 capax
1576 1501 1641 1529 tam
1655 1507 1735 1538 μνω-

266 1538 345 1568 clari
359 1538 528 1576 facinoris.
577 1539 662 1570 Tunc
678 1540 789 1579 cupido
805 1539 946 1571 omnibus
960 1539 1070 1570 innata
1086 1543 1134 1571 est
1149 1540 1267 1571 sciendi
1281 1540 1346 1580 ejus
1352 1539 1528 1579 fortunam.
1574 1539 1651 1571 Prae
1663 1539 1737 1570 aliis

266 1580 370 1611 senior
383 1581 543 1613 Adrastus
557 1585 660 1621 rogat.
707 1582 807 1613 Immo
821 1592 892 1622 age,
907 1583 981 1613 dum
995 1583 1088 1622 louge
1108 1582 1332 1623 praemittimus
1346 1583 1469 1614 ordines
1492 1581 1664 1624 primorum
1678 1591 1736 1621 ag-

267 1622 398 1664 minum,
421 1634 475 1656 neo
488 1624 590 1663 facile
613 1628 661 1656 est
685 1626 834 1665 expedire
858 1635 875 1656 e
897 1626 1015 1656 Nemea
1031 1626 1210 1657 numerosas
1229 1627 1346 1666 copias,
1368 1625 1479 1666 quippe
1494 1624 1636 1656 umbrosa
1651 1626 1737 1666 sytta

268 1665 342 1713 hinc
356 1670 387 1698 et
409 1667 481 1699 inde
503 1667 600 1699 ramis
621 1668 753 1700 obducta
771 1671 819 1700 est
833 1671 865 1701 et
880 1668 1110 1710 insuperabilis,
1124 1678 1222 1701 narra
1240 1669 1340 1701 scelus
1355 1668 1572 1708 Lemniadum,
1585 1671 1617 1700 et
1631 1669 1738 1700 laudes

881 1763 1126 1776 eeeeeeeeee

269 1827 472 1869 imaginihus
489 1829 694 1870 praefingat.'
717 1830 924 1862 Barth.·—34
948 1829 1174 1871 Manuscripti
1192 1828 1294 1862 codd.
1311 1827 1574 1869 Lindenbrogii:
1600 1827 1656 1859 illa
1680 1837 1737 1868 ego

267 1874 439 1904 nam—35
465 1873 638 1914 Hospites:
662 1874 731 1911 illa,
755 1873 873 1910 Duces,
899 1876 1036 1914 raptum,
1064 1874 1117 1913 ᾁτ.
1140 1873 1224 1913 legit
1247 1872 1510 1904 nannius—ss
1537 1871 1616 1903 Hoec
1630 1871 1737 1903 memi-

268 1915 351 1945 nisse
376 1914 617 1956 Lipsian.—39
641 1915 810 1957 Hypsipile
836 1915 962 1947 Behot.
987 1919 1016 1948 l.
1050 1915 1182 1957 Isiphile
1197 1915 1321 1947 Behot.
1347 1917 1379 1946 2.
1403 1917 1495 1955 capta
1520 1913 1625 1945 habet
1652 1914 1737 1946 Exc.

268 1957 415 1989 Cantab.
439 1958 500 1989 sed
523 1968 585 1999 pro
603 1969 634 1991 v.
653 1959 675 1990 1.
701 1961 804 1999 rapta.
849 1959 936 1990 Vide
957 1958 1066 1990 Theb.
1092 1967 1133 1990 11.
1163 1960 1327 1989 :iza—43
1363 1956 1431 1987 Imo
1457 1957 1590 1996 agedum
1619 1965 1736 1996 margo

268 1999 322 2030 ed.
355 2000 561 2032 Barth—44
600 2002 728 2033 Nemeoe
753 2001 859 2040 Lang.
887 2001 987 2033 Laur.
1017 2000 1152 2032 Buslid.
1182 2000 1331 2040 Lipsian.
1370 1999 1463 2031 Dan.
1497 1999 1578 2030 Put.
1610 1999 1735 2031 Petav.

268 2041 375 2074 Aidd.
398 2043 507 2075 Colin.
534 2044 667 2085 Gryph.
692 2044 799 2075 Basii.
828 2044 940 2076 Plani.
968 2043 1318 2084 Lindenbrog.Cruc.
1335 2045 1370 2073 et
1385 2041 1530 2074 Gevart.
1551 2041 1562 2059 ⁴
1579 2041 1684 2072 Error
1702 2041 1736 2072 in

269 2085 425 2118 omnibns
452 2091 548 2119 retro
575 2087 691 2126 editis,
714 2096 815 2129 quem
833 2096 899 2118 non
916 2086 1066 2119 debebat
1087 2085 1379 2128 interpretatione
1403 2083 1522 2117 fovere
1544 2084 1735 2126 Bareiaius,

929 2177 1075 2211 NOTAE

264 2263 268 2265 -
312 2245 354 2275 33
394 2243 498 2275 Furor
526 2242 671 2284 additus]
709 2243 805 2274 Bene
836 2242 975 2275 additus.

268 2293 461 2334 Zelotypiae
477 2293 623 2334 scilicet,
639 2302 706 2324 non
722 2293 812 2324 enim
835 2293 975 2324 maritos

269 2353 427 2375 moresve
444 2343 663 2384 occidissent,
677 2343 741 2375 nisi
765 2343 807 2375 ad
824 2343 857 2374 id
876 2353 895 2375 a
913 2344 977 2375 Fu—

268 2393 329 2425 riis
344 2393 500 2435 impulsae
516 2391 674 2425 fuissent.
722 2393 752 2424 0
770 2393 850 2434 nox]
885 2393 977 2425 Noc·

269 2447 309 2476 tu
329 2444 419 2475 enim
435 2443 577 2476 maritos
591 2453 669 2476 eum
696 2443 852 2476 omnibus
878 2443 977 2475 mari-

270 2494 334 2527 bus
351 2493 568 2527 occiderunt.

311 2548 355 2578 84
378 2545 548 2587 Benignae]
575 2545 662 2577 Cum
679 2545 827 2577 audietis
843 2555 863 2577 e
880 2546 976 2577 Lem-

268 2605 313 2628 no
327 2605 383 2629 me
399 2605 488 2636 esse,
503 2605 547 2627 ne
560 2604 613 2627 me
628 2595 814 2628 includatis
830 2596 977 2638 reliqua-

271 2655 347 2678 rum
362 2646 437 2688 ejus
463 2646 581 2678 insulae
607 2646 789 2678 mulierum
819 2655 976 2686 numero,

270 2704 335 2727 nec
353 2695 449 2728 vobis
464 2694 588 2737 pudori
609 2696 654 2728 sit
669 2705 801 2728 mecum
817 2697 978 2737 colloqui.

315 2749 356 2778 35
382 2747 462 2782 Qua
477 2746 543 2778 sola
555 2750 717 2787 patentem
733 2746 880 2787 Occului]
897 2746 979 2778 Om-

273 2803 334 2829 nes
363 2796 551 2838 scriptores
581 2796 775 2839 Hypsipyle
803 2796 886 2830 dant
913 2797 981 2828 lau-

1031 2241 1109 2274 dem
1127 2240 1255 2274 servati
1273 2240 1381 2282 patris
1397 2251 1404 2270 =
1440 2238 1500 2272 sed
1526 2248 1595 2271 non
1612 2247 1737 2271 conve-

1030 2292 1128 2324 niunt
1155 2291 1200 2323 de
1223 2292 1325 2323 modo
1341 2299 1410 2333 quo
1433 2289 1466 2322 id
1483 2288 1580 2327 fecit,
1595 2294 1634 2321 ut
1647 2288 1738 2322 infra

1031 2342 1231 2375 referemus.
1605 2358 1610 2364 ·

1073 2396 1116 2425 39
1140 2391 1316 2424 Servitium
1345 2391 1524 2433 Hypsipyle
1547 2389 1646 2422 vestri
1663 2389 1738 2429 fero

1031 2447 1123 2485 capta
1147 2442 1306 2485 Lycurgi]
1342 2441 1540 2483 Hypsipyie
1568 2442 1674 2481 enim,
1700 2443 1739 2471 nt

1031 2493 1121 2525 iufra
1136 2493 1322 2532 videbitur,
1345 2501 1365 2523 a
1382 2491 1503 2533 piratis
1518 2495 1635 2532 capta,
1650 2493 1686 2522 et
1701 2489 1737 2520 in

1032 2543 1202 2576 Graeciam
1219 2542 1380 2582 advecta,
1394 2540 1533 2573 vendita
1547 2539 1659 2572 fuerat
1673 2539 1737 2580 Ly-

1032 2603 1153 2634 curgo,
1169 2593 1211 2624 de
1226 2601 1294 2633 quo
1310 2590 1479 2633 superiori
1494 2591 1595 2622 libro.

1072 2646 1115 2676 44
1140 2643 1260 2675 Facitis
1281 2640 1433 2682 evolvere]
1469 2639 1510 2672 Id
1533 2645 1596 2681 est,
1611 2648 1654 2672 ex
1670 2648 1738 2682 qus

1032 2703 1098 2726 non
1115 2693 1214 2725 facile
1230 2695 1284 2725 est
1297 2691 1468 2724 evolvere.

1075 2747 1117 2777 45
1143 2742 1267 2787 Comi-s]
1303 2742 1419 2774 Comae
1443 2738 1615 2778 arborum,
1641 2738 1737 2778 folio,

1035 2793 1186 2830 frondes.
