1820 3068
233 193 321 237 702

233 299 427 343 Plausus
447 299 540 342 adit
562 299 719 349 colles,
741 311 826 341 nec
846 312 980 342 runca
1000 299 1190 342 tonitrua
1207 300 1402 355 pulsant.

735 203 775 233 P.
810 197 1003 234 PAmNu
1035 197 1202 235 STA'I‘H

231 370 318 412 Ast
338 370 415 411 ubi
437 382 578 423 prona
598 368 708 419 dieS‚
727 368 884 422 longos
905 381 1038 422 super
1057 382 1245 424 aequora
1265 370 1375 412 fines

232 438 399 491 Exigit,
421 442 555 492 atque
575 437 728 490 ingens
747 436 895 479 medio
915 441 1043 480 natat
1063 438 1223 480 umbra
1243 437 1477 492 profundo.

231 505 444 547 Interiore
461 504 562 546 sinu
581 504 831 558 frangentia
849 504 1000 547 littora
1017 509 1171 548 curvat

231 572 465 623 Taenaros,
486 573 721 626 expositos
740 586 826 615 non
843 573 995 615 audax
1015 573 1226 616 scandere
1243 575 1423 617 ‘fluctus-

231 640 336 682 Illic
357 640 519 693 AEgaeo
541 640 781 695 Neptunus
802 642 972 695 gurgite
990 642 1133 684 fessos

1640 643 1700 688 45

233 707 288 749 ln
308 711 478 762 portum
500 706 676 750 deducit
695 721 860 764 equos:
891 709 1013 764 prior
1031 709 1180 753 haurit
1200 722 1356 754 arenas

228 817 359 858 clangor
382 817 496 849 velocis
517 827 630 858 penne
652 817 788 857 attingit
802 826 960 858 supremos
974 819 1122 858 tumulos,
1142 829 1198 852 nec
1209 830 1322 853 sonora
1337 822 1476 854 tonitrua
1495 831 1546 854 eos
1562 820 1701 861 feriunt.

234 861 385 892 Taenarus
397 861 504 893 sinuat
518 861 610 892 elisas
621 861 708 902 ripas
721 859 871 891 iuteriore
885 860 1043 901 anfractu,
1053 871 1115 894 mm
1129 864 1246 895 audens
1257 874 1443 906 exsuperare
1455 868 1578 897 evectas
1591 865 1702 896 undas.

230 902 295 935 Sed
321 903 373 935 ubi
394 905 451 935 lux
475 903 629 935 inclinata
652 903 780 943 projicit
805 912 898 943 super
916 913 1002 935 ’nure
1016 904 1125 944 longos
1139 907 1254 938 montis
1267 908 1396 947 limites,
1417 911 1450 939 et
1464 917 1578 948 magna
1592 906 1702 938 umbra

219 946 338 987 fluitat
348 946 382 978 iu
395 946 496 979 medio
507 949 602 988 ponto
613 957 626 985 ;
649 946 716 978 illic
732 946 900 988 Neptunus
912 947 1035 988 appulit
1051 949 1093 980 ad
1112 953 1238 990 portum
1259 959 1351 992 equos
1368 951 1531 991 fatigatos
1543 950 1628 982 mari
1641 948 1702 981 AE-

852 1030 972 1043 000000

973 1031 1092 1044 eeeeee

224 1096 298 1136 jam
316 1095 362 1127 sit
377 1097 526 1138 positum
540 1106 587 1128 vs.
605 1095 670 1128 36?
686 1095 892 1128 Barth—41
916 1097 925 1114 ‘
941 1095 1046 1138 Atque
1059 1097 1114 1129 ubi
1130 1098 1162 1130 iu
1177 1098 1315 1141 optimis
1327 1103 1364 1132 et
1377 1098 1585 1132 fidelissimis
1595 1107 1701 1133 mem·

232 1138 369 1170 branis:
393 1139 426 1170 in
443 1140 517 1171 aliis
534 1144 570 1171 et
587 1139 687 1179 vulgo
710 1137 774 1170 Ast
800 1138 975 1180 ubisquod
993 1150 1066 1181 prae
1081 1141 1140 1173 illo
1162 1141 1240 1174 ideo
1260 1152 1494 1184 aspernamur,
1509 1142 1600 1184 quod
1622 1151 1700 1173 nar-

230 1182 401 1219 rationem
417 1182 561 1214 diducat
576 1182 802 1223 sejungatque
817 1182 922 1222 magis
939 1192 1041 1224 quam
1056 1183 1204 1218 deceat!
1226 1185 1324 1218 Idem.
1339 1185 1540 1228 longosfines
1555 1184 1701 1224 Barthio

229 1228 454 1265 susp'ectum3
475 1225 560 1256 nihil
583 1228 694 1256 tamen
710 1227 843 1256 mutant
859 1224 1048 1258 eodm—4³
1071 1225 1169 1259 Idem
1187 1228 1348 1260 Bai-thius
1373 1227 1631 1270 conj-frangens
1643 1228 1706 1258 sua'

228 1267 350 1299 littora.
395 1267 501 1300 Hunc
519 1277 600 1299 vero
615 1274 650 1300 et
667 1271 868 1308 sequentem
882 1277 1018 1299 versum
1035 1269 1183 1302 collocat
1194 1277 1274 1312 post
1290 1281 1340 1304 vs.
1355 1273 1410 1304 86.
1432 1271 1524 1303 Vide
1540 1279 1643 1312 supra
1656 1269 1704 1301 ιὰ

231 1319 279 1341 vs.
294 1312 436 1343 3⁷.-44
459 1311 613 1353 Optimae
629 1310 762 1342 Barthii
776 1310 998 1351 membranae,
1018 1312 1168 1345 Taeuarus
1181 1315 1340 1355 expositos
1359 1324 1421 1346 non
1436 1315 1577 1350 audens5
1598 1317 1635 1346 et
1650 1313 1701 1344 sic

231 1352 336 1384 etism
361 1353 496 1386 Buslid.
523 1355 626 1389 Lanr.
652 1358 690 1385 et
714 1353 795 1385 edd.
827 1358 913 1385 vett.
953 1354 1103 1387 Tamaros
1131 1357 1288 1397 expositos
1315 1367 1377 1389 non
1405 1358 1511 1389 audax
1540 1356 1703 1389 Petrens.

230 1396 357 1428 Behot.
373 1397 429 1428 alii
445 1408 454 1435 ;
476 1406 577 1438 quam
595 1396 777 1428 lectionem
803 1396 929 1437 probat
945 1397 992 1429 N.
1009 1397 1132 1431 Heius.
1147 1399 1190 1430 ad
1214 1399 1319 1432 Ovid.
1338 1400 1426 1432 Met.
1444 1409 1486 1432 u.
1500 1402 1577 1432 406.
1609 1398 1701 1430 Vide

230 1438 351 1470 Burm.
377 1439 419 1471 ad
437 1440 542 1472 Ovid.
571 1439 648 1471 Art.
673 1448 699 1470 1.
713 1441 789 1471 608.
813 1440 931 1470 audens
948 1445 1123 1480 praeterea
1145 1442 1310 1474 exhibent
1324 1443 1427 1475 codd.
1453 1443 1571 1474 Burm.
1594 1442 1702 1473 audax

230 1482 324 1514 Dan.
347 1482 468 1515 Petav.
482 1483 565 1515 Put.
592 1482 744 1524 Lipsian.
761 1486 798 1514 et
814 1482 924 1523 Lang.
940 1493 1034 1515 ausus
1048 1484 1190 1518 Taurin.
1202 1490 1239 1518 et
1262 1485 1417 1518 nonnulli
1433 1484 1537 1518 codd.
1553 1484 1702 1517 Linden—

897 1579 1044 1613 No'rAE

272 1646 314 1675 41
338 1643 401 1675 Ast
415 1643 470 1675 ubi
482 1653 580 1685 prona
595 1643 679 1685 dies]
718 1644 832 1676 Credo
852 1644 943 1677 hunc

231 1703 366 1727 versum
403 1698 673 1736 sequentemque
700 1696 943 1737 transpositos,

231 1749 269 1777 et
293 1744 381 1776 duos
412 1750 596 1787 sequentes
622 1747 656 1777 in
686 1746 804 1778 horum
829 1747 943 1779 locum

231 1796 522 1837 transponendus,
576 1797 677 1830 Quod
701 1802 840 1830 secutus
869 1807 942 1829 sum

232 1846 268 1878 in
282 1846 583 1887 interpretatione,
608 1852 646 1879 ut
664 1847 743 1879 mihi
759 1848 879 1880 melius
893 1848 941 1880 vi-

230 1906 305 1928 sum
324 1901 390 1928 est.
433 1897 541 1928 Totus
565 1896 620 1928 hic
645 1897 754 1939 igitur
780 1897 873 1930 locus
893 1898 943 1930 sic

229 1945 409 1988 ponendus
430 1952 486 1978 est
499 1950 535 1978 et
550 1946 719 1988 legendus
736 1958 746 1979 ε
763 1948 833 1979 Nee
847 1958 943 1980 rauca

230 1997 375 2028 tonitrua
387 1997 530 2037 pulsant.
575 1997 732 2029 Inter-iore
758 1999 830 2029 sinu
846 1998 941 2037 fran-
955 2040 964 2046 ἡ

230 2046 343 2087 genitia
359 2046 470 2078 littora
484 2051 594 2079 curvat
613 2047 775 2085 Tanarus,
787 2049 944 2088 expositos

229 2107 292 2129 non
320 2098 428 2129 audax
451 2097 601 2129 scandere
620 2097 757 2138 fluetus.
799 2097 862 2130 Ast
891 2097 945 2129 ubi

225 2159 327 2190 prona
336 2149 403 2180 dies
415 2149 525 2188 longos
538 2158 634 2190 super
643 2159 768 2191 oequora
773 2149 859 2191 fines
871 2149 940 2180 Ex-

228 2197 306 2237 igit,
330 2201 424 2238 atque
445 2198 560 2237 ingens
588 2199 690 2239 mdia
716 2202 809 2230 natat
833 2198 942 2230 umbra

232 2248 408 2288 profundo:
441 2248 516 2280 Illic
542 2249 657 2288 AEgoeo
690 2249 868 2290 Neptunus,
891 2251 944 2290 &a

234 2297 451 2338 Frangentia]
497 2299 645 2340 Supple,
671 2297 797 2332 fluctus
827 2299 944 2333 illisos.

229 2347 295 2379 Vel
320 2347 457 2389 passive
501 2352 618 2389 potest
631 2349 801 2390 usurpari,
825 2348 860 2380 id
877 2353 942 2390 est,

229 2397 353 2438 fracta,
392 2397 437 2430 ab
472 2397 570 2429 illisis
601 2398 737 2430 scilicet
765 2397 941 2431 fluctibus.

229 2449 333 2483 Quod
351 2448 513 2491 frequens
540 2449 678 2491 optimis
705 2449 943 2491 scriptoribus.

231 2501 291 2532 Sic
323 2500 422 2532 Livio
455 2498 539 2531 ‘res
571 2508 689 2531 eorum
721 2500 845 2540 auxit,'
881 2509 944 2541 pro

232 2554 335 2582 aucta
353 2554 417 2582 est.
460 2549 595 2582 Velleio
608 2551 619 2568 ‘
637 2554 827 2591 tempestas
845 2549 944 2582 seda-

234 2600 306 2640 vit‚’
324 2610 386 2641 pro
398 2600 518 2633 sedata
530 2607 596 2632 est.
640 2601 764 2633 Catoni
788 2602 798 2619 ‘
812 2601 872 2633 irae
895 2601 942 2633 le-

236 2650 432 2692 niunt,'pro
446 2651 634 2683 leniuntur.
665 2649 832 2694 Toenarus]
853 2651 943 2683 Vide

233 2710 350 2742 supra.
397 2702 568 2743 Expositos
582 2713 646 2735 non
667 2704 773 2735 audax
797 2703 944 2735 scandere

225 2751 363 2794 fluctus]
388 2752 478 2784 Quia
493 2753 628 2785 scilicet
649 2751 729 2786 dum
757 2753 800 2785 ad
824 2753 942 2784 'Paena-

999 1656 1071 1678 rum
1087 1647 1276 1680 alliduntur
1303 1646 1441 1687 fluctus,
1469 1645 1631 1678 altissime
1647 1654 1701 1677 as-

999 1697 1162 1730 cendunt.
1210 1699 1284 1730 Non
1299 1698 1422 1739 audax]
1443 1697 1486 1729 In
1499 1696 1629 1738 optimo
1645 1706 1702 1728 co-

998 1746 1074 1778 dice
1090 1753 1266 1789 repertum
1282 1753 1422 1788 est‚n⁰n
1435 1748 1563 1779 audens.
1600 1745 1702 1780 Quod

997 1801 1034 1828 et
1055 1797 1258 1829 Lactantius
1286 1802 1322 1830 et
1349 1797 1468 1839 glossae
1495 1799 1701 1838 agnoscunt.

996 1846 1062 1878 Ast
1085 1847 1138 1878 ubi
1162 1857 1262 1889 prona
1277 1847 1356 1888 dies,
1370 1847 1442 1888 ξω]
1463 1847 1591 1879 Similis
1605 1847 1702 1879 locus

996 1897 1197 1929 Surrentino
1213 1908 1222 1929 :
1245 1901 1255 1915 ‘
1274 1898 1360 1930 Cum
1370 1897 1445 1938 jam
1458 1896 1552 1928 fessa
1565 1896 1703 1936 dies‚⁴et

997 1947 1031 1978 iu
1046 1956 1184 1989 aequora
1199 1947 1325 1979 montis
1339 1946 1440 1988 opaci
1453 1945 1586 1978 Umbra
1595 1945 1703 1982 cadit,

996 1996 1178 2039 vitreoque
1217 2001 1340 2029 natant
1376 1995 1542 2038 praetoria
1570 1993 1705 2038 ponto.'

996 2046 1228 2089 Longosfines]
1261 2048 1395 2089 Longas
1411 2046 1568 2090 umbras:
1593 2050 1700 2088 appe-

998 2100 1094 2129 tente
1110 2097 1201 2129 enim
1218 2101 1320 2129 nocte
1337 2096 1466 2129 umbrae
1482 2092 1704 2138 longissimas.

995 2147 1105 2179 Medio
1124 2146 1297 2189 proj'undo]
1319 2146 1413 2179 Hinc
1436 2155 1600 2178 summam
1624 2145 1702 2178 aui-

996 2197 1150 2229 tudinem
1162 2197 1298 2229 Taenari
1313 2195 1523 2238 conjicimus,
1535 2204 1613 2227 cum
1628 2205 1701 2227 um-

999 2249 1060 2281 bra
1085 2249 1160 2290 ejus
1189 2249 1225 2281 in
1250 2249 1399 2281 medium
1422 2258 1528 2290 usque
1561 2253 1702 2290 pontum

999 2299 1240 2341 protendatur.
1287 2299 1420 2341 Umbra]
1434 2299 1583 2331 Toenari.
1627 2298 1704 2331 Illic

997 2351 1110 2390 AEgaeo
1127 2351 1304 2391 Neptunus,
1318 2350 1390 2392 &cuj
1415 2349 1493 2382 Hoc
1514 2349 1610 2390 dicit,
1622 2349 1704 2391 quia

997 2400 1032 2432 in
1061 2400 1136 2431 loco
1165 2400 1224 2431 illo
1247 2405 1324 2432 erat
1345 2401 1513 2442 templum
1545 2399 1703 2441 Neptuni

999 2451 1166 2492 ἆσφαλίου,
1196 2451 1232 2484 id
1262 2456 1331 2494 est,
1350 2452 1506 2488 tutetur-is.
1528 2450 1621 2493 quod
1651 2450 1701 2483 illi

1000 2507 1154 2534 erectum
1171 2506 1262 2542 erat,
1284 2507 1322 2533 ut
1338 2501 1450 2533 tutela
1463 2510 1523 2532 sua
1540 2505 1700 2542 protege-

999 2556 1054 2584 ret
1097 2555 1219 2583 nautas
1260 2549 1591 2592 praeternavigantes
1628 2547 1702 2582 Ma-

998 2600 1084 2634 leam
1099 2612 1108 2641 ;
1125 2611 1201 2633 narn
1219 2600 1262 2633 ad
1277 2601 1342 2632 hoc
1359 2599 1629 2642 promontorium
1642 2609 1702 2641 pe·

999 2652 1149 2683 riculosa
1164 2656 1241 2683 erat
1255 2649 1442 2692 navigatio,
1459 2654 1498 2682 ut
1523 2650 1598 2692 jam
1612 2648 1700 2683 dixi·

997 2710 1084 2732 mus.
1107 2700 1236 2742 AEgoeo]
1253 2700 1342 2732 Vide
1357 2708 1431 2740 sup.
1443 2698 1504 2730 lib.
1519 2708 1568 2732 vs,
1583 2701 1659 2731 ¹701.
1688 2706 1691 2707 ’

1040 2754 1082 2783 46
1110 2752 1146 2782 In
1172 2753 1295 2792 pm‘tum
1323 2749 1447 2782 deducit
1473 2748 1581 2790 equos]
1614 2747 1700 2780 Cur-
