1820 3068
221 183 308 226 666
722 193 763 222 ι’.
797 191 989 223 ΡΑΡιΝιι
1020 192 1186 224 STA‘rn

220 289 341 332 Ante
362 288 559 331 Cleonaei
580 288 763 330 vestitur
782 288 939 342 praelia
956 289 1154 331 monstri.

218 357 458 399 Terribiles
478 360 631 398 contra
650 355 757 398 setis
776 368 830 397 ac
850 355 980 398 dente
998 367 1181 398 recurvo

218 425 376 480 Tydea
395 438 471 479 per
490 425 607 465 latos
627 423 833 466 humeros
855 424 1020 466 ambire
1039 424 1246 466 laborant

218 493 425 543 Exuviae,
446 491 688 546 Calydonis
707 493 870 534 honos:
900 496 1054 546 stupet
1070 492 1217 534 omine
1238 496 1365 534 tanto
1594 493 1679 536 490

219 560 411 602 Defixus
433 560 589 610 senior,
610 559 761 601 divina
776 559 961 601 oracula
979 559 1146 600 Phoebi

216 627 499 682 Agnoscens,
519 627 802 682 monitusque
819 627 947 668 datos
970 627 1201 668 vocalibus
1221 627 1376 673 antris.

218 697 388 739 obtutu
412 695 559 750 gelida
578 708 656 738 ora
675 695 848 750 premit,
866 695 1083 749 laetusque
1103 708 1184 750 per
1205 698 1325 737 arms

215 827 331 868 campis
349 828 519 867 Theumen‘,
540 832 571 860 et
596 828 684 868 cujus
697 827 819 859 exuviis
832 827 1019 859 induebatur
1032 830 1105 859 ante
1118 830 1274 859 certamen
1288 837 1358 859 cum
1369 831 1507 860 monstro
1524 828 1677 860 Cleonaeo.

218 871 338 902 Contra
352 871 535 903 horrendum
548 872 637 910 setis,
659 874 690 903 et
714 872 833 902 adunco
855 872 947 902 dente
970 870 1116 912 spolium,
1137 872 1229 902 decus
1244 869 1424 912 Calydonis,
1445 871 1503 902 vi:
1517 872 1677 911 amplecte-

215 912 308 945 batur
322 916 402 945 latos
415 924 517 945 armos
534 915 643 956 Ἰξιμίεἱ.
689 913 803 946 Senior
816 917 920 955 torpet
934 913 1100 945 immobilis
1113 916 1202 945 tanto
1215 914 1373 954 prodigio,
1395 914 1573 954 intelligens
1585 924 1678 945 sacra

212 965 360 997 responsa
374 958 540 997 Apollinis,
562 961 592 989 et
605 958 730 988 oracula
744 957 829 989 edita
841 958 876 988 in
891 956 1067 998 loquacibus
1080 957 1246 998 speluncis.
1291 957 1388 989 Fixis
1402 957 1436 988 in
1450 960 1567 988 terrum
1580 957 1677 989 oculis

213 999 367 1032 obmutuit
379 1010 433 1032 ore
444 1001 562 1042 gelato,
584 1003 676 1042 atque
691 1000 804 1032 hilaris
814 1003 930 1032 mmor
938 1000 1135 1041 percucurrit
1149 1000 1215 1040 qius
1229 998 1378 1033 membra.
1420 999 1563 1041 Agnovit
1575 1000 1676 1032 maui-

818 1096 839 1110 Ι
845 1096 863 1108 0
867 1095 1067 1110 “tund“

214 1170 335 1203 Barth.
352 1172 462 1204 Veen.
478 1177 515 1205 et
530 1172 765 1215 Delph0—49l
787 1172 926 1205 Taurin.
941 1175 977 1204 et
996 1181 1083 1204 unus
1105 1172 1317 1210 Burmanni:
1340 1172 1507 1215 diemque
1531 1173 1677 1211 παι-ιω,-

214 1213 305 1246 unde
321 1215 539 1248 Burmannus
561 1216 805 1258 conjectabat:
827 1217 991 1257 divinaque
1012 1216 1163 1248 camina.
1208 1216 1327 1248 Ceteri
1349 1225 1466 1248 omnes
1479 1215 1580 1248 codd.
1597 1226 1675 1248 cum

213 1256 295 1289 edd.
325 1263 411 1291 vett.
436 1259 547 1292 divina
575 1260 819 1293 crucam—493
856 1259 993 1291 Obtuitu
1021 1259 1159 1291 Taurin.
1188 1264 1226 1291 et
1254 1269 1341 1291 unus
1367 1259 1675 1296 Burmannus—4⁹4

871 1356 905 1389 N
911 1355 1015 1389 01*AE

973 1437 1012 1464 nt
1026 1431 1093 1473 hic,
1105 1441 1168 1474 pro
1180 1423 1272 1474 pelle
1284 1431 1371 1474 apri,
1379 1435 1416 1464 et
1428 1431 1590 1474 cujusque
1602 1431 1676 1464 ani-

971 1483 1081 1516 malis.
1113 1483 1171 1515 Sic
1195 1483 1304 1516 leonis
1331 1483 1479 1523 exuviae,
1503 1483 1672 1524 serpentis

209 1433 378 1475 senilibus]
394 1433 486 1467 Quia
499 1433 671 1466 Hercules
682 1433 738 1465 vix
748 1432 919 1465 decimum

211 1489 369 1517 octavum
386 1485 500 1517 aetatis
515 1494 640 1516 annum
653 1484 830 1526 attigeret,
840 1493 918 1517 cum

211 1535 342 1567 occidit
356 1535 492 1568 leonem
509 1535 770 1568 Cithaeronium.

254 1588 320 1618 487
360 1587 498 1619 Cleonoei
525 1585 675 1628 monstri]
721 1586 793 1620 Leo
829 1585 919 1618 enim

211 1637 406 1678 eleemos,
442 1647 503 1669 seu
542 1637 742 1675 Nemeaeus,
770 1630 918 1679 ingentis

212 1692 290 1720 erat
304 1688 570 1730 magnitudinis:
586 1687 665 1720 ideo
675 1691 846 1720 mmtstrum
857 1697 917 1720 vo-

211 1743 281 1771 cat·
314 1738 473 1780 Vestitur]
489 1739 557 1771 Pro
571 1738 795 1772 vestiebatur.
818 1739 917 1771 Tem-

211 1799 277 1831 pus
294 1799 356 1831 pro
372 1794 542 1831 tempore,
557 1790 647 1832 quod
669 1788 833 1831 frequens
848 1799 916 1822 non

210 1840 320 1872 solum
358 1839 492 1882 Poetis,
520 1840 581 1872 sed
612 1845 648 1872 et
677 1840 915 1882 scriptoribus.

209 1891 267 1923 Sic
283 1900 390 1932 supra
404 1891 414 1909 ‘
430 1900 506 1923 esse
518 1890 528 1905 ’
552 1900 614 1932 pro
629 1895 638 1909 ‘
652 1889 783 1932 fuisse,'
803 1896 841 1923 et
864 1892 914 1924 in·

210 1941 267 1974 fra
282 1943 293 1960 ‘
307 1938 438 1980 affore,'
454 1951 517 1984 pro
543 1942 554 1959 ‘
566 1940 712 1974 adesse.'
762 1941 916 1984 Vestitur,

211 1993 292 2035 qnia
307 1992 478 2025 Hercules
502 1992 594 2034 pelle
617 1993 725 2025 leonis
748 1992 915 2026 Cithaero-

206 2044 256 2076 nii
271 2044 409 2077 indutus
424 2048 515 2085 erat,
529 2053 607 2076 cum
621 2043 799 2077 interfecit
814 2045 916 2077 Cleo-

208 2105 335 2136 naeum,
350 2095 449 2137 cujus
465 2099 586 2138 postea
600 2096 691 2137 pelle
707 2105 842 2137 semper
863 2097 915 2129 in-

209 2146 312 2178 dutus
351 2145 431 2179 fuit.
479 2147 630 2188 Cleonoei]
676 2146 820 2179 Occisus
859 2151 914 2180 est

208 2197 298 2229 enim
324 2198 378 2230 leo
400 2198 457 2229 ille
484 2197 518 2229 in
542 2198 677 2230 Nemea
703 2197 820 2239 Sylva,
836 2207 913 2240 quae

208 2252 262 2280 est
290 2248 381 2280 inter
407 2249 555 2281 Cleonas
580 2258 724 2290 parvum
747 2249 911 2291 oppidum

207 2298 384 2340 Arcadiae,
400 2303 436 2331 et
451 2299 570 2331 urbem
585 2299 798 2332 Phliuntem.
843 2300 911 2332 Re-

208 2349 280 2382 fert
299 2349 432 2382 Plinius
456 2349 517 2382 lib,
541 2358 621 2382 vm.
646 2359 723 2391 cap.
738 2353 770 2382 6.
792 2350 828 2383 in
844 2350 912 2382 Eu-

207 2410 308 2443 ropa,
331 2404 466 2436 tantum
490 2400 581 2432 inter
605 2398 797 2432 Acheloum
824 2401 915 2433 Nes·

209 2455 352 2494 tumque
365 2460 579 2491 amnes,esse
593 2450 724 2488 leones,
735 2449 794 2482 sed
813 2450 915 2491 longe

207 2501 340 2535 viribus
356 2500 613 2543 praestantiores
634 2502 677 2534 iis
693 2511 777 2544 qnos
793 2500 916 2535 Africa

210 2556 272 2585 sut
287 2553 390 2594 Syria
404 2553 559 2594 gignant.

251 2606 317 2636 489
338 2603 470 2635 Ambire
492 2602 652 2644 laborant]
681 2602 740 2636 Ob
759 2602 913 2636 latitudi-

208 2663 286 2686 nem
302 2654 520 2685 humerorum
531 2653 652 2696 Tydei.

250 2708 315 2738 490
338 2705 490 2747 Exuvioe]
515 2705 658 2738 Exuviae
679 2706 818 2748 proprie
839 2715 915 2749 spo-

208 2756 256 2790 lia
284 2755 440 2790 hostibus
469 2755 637 2789 detracta.
680 2756 835 2790 sumitur
868 2762 920 2798 et,

971 1534 1119 1575 exuviae‚
1135 1544 1196 1576 pro
1213 1535 1305 1576 pelle
1321 1535 1439 1575 leonis,
1455 1539 1492 1567 et
1508 1533 1675 1567 leben-ide.

971 1585 1145 1628 Intelligit
1168 1595 1250 1618 vero
1273 1586 1399 1628 pellem
1416 1585 1502 1628 Apri
1529 1585 1677 1627 Calydo-

971 1637 1031 1678 nii,
1056 1637 1114 1679 qui
1146 1636 1201 1669 hic
1228 1636 1356 1668 dicitur
1379 1636 1548 1679 Calydonis
1568 1636 1676 1675 honos,

971 1688 1051 1730 quia
1085 1688 1268 1729 Meleager
1290 1687 1468 1729 ceterique
1495 1686 1676 1728 Caiydonii

970 1737 1147 1779 principes
1176 1738 1278 1780 hujus
1306 1737 1490 1770 venatione
1516 1742 1554 1769 et
1579 1736 1675 1769 coede

969 1788 1125 1821 decorati
1146 1796 1227 1821 sunt
1253 1798 1294 1821 ac
1316 1789 1490 1820 illustrati.
1533 1788 1675 1830 Apollo-

969 1841 1073 1873 dorus
1104 1845 1231 1882 autem,
1252 1839 1417 1871 Biblioth.
1438 1838 1496 1871 lib.
1518 1848 1577 1870 ιιι.
1604 1843 1674 1871 tra-

969 1891 1023 1924 dit
1049 1891 1140 1932 illos,
1155 1890 1191 1923 id
1218 1895 1286 1930 est,
1297 1889 1452 1931 '1³5deum
1476 1894 1512 1921 et
1534 1888 1675 1931 Polyni-

969 1953 1046 1976 cem
1059 1942 1095 1975 in
1109 1942 1241 1984 clypeis
1253 1946 1418 1983 gestasse,
1427 1941 1571 1974 alterum
1585 1941 1674 1983 apri,

967 1995 1116 2026 alterum
1130 1993 1237 2025 leonis
1252 1991 1388 2025 faciem.

1011 2047 1071 2078 491
1099 2043 1250 2087 Dqfiaeus]
1273 2042 1457 2085 Proprium
1475 2042 1542 2075 hoc
1557 2042 1675 2084 ingen·

969 2095 1015 2127 tis
1031 2095 1182 2137 stuporis
1204 2094 1340 2127 mentis.
1383 2093 1512 2135 Senior]
1544 2092 1674 2125 Adrus-

969 2151 1038 2179 tus.
1097 2147 1222 2179 Divina
1250 2146 1377 2178 oracula
1405 2144 1520 2176 Phoeln·
1546 2143 1672 2184 Agnos—

968 2198 1056 2240 cens]
1079 2198 1212 2233 Quibus
1228 2197 1362 2230 scilicet
1376 2195 1550 2228 cecinerat
1564 2194 1673 2236 Apol·

966 2250 999 2281 lo
1014 2258 1159 2290 generos
1172 2247 1326 2280 Adrasto
1341 2247 1436 2278 ‘aevo
1450 2245 1599 2278 ducente
1615 2268 1625 2278 .
1638 2268 1648 2277 .
1662 2269 1673 2279 .

964 2299 1227 2342 Setigerumque
1237 2308 1344 2339 suem,
1357 2301 1395 2330 et
1402 2296 1532 2329 fulvum
1544 2296 1671 2329 adven-

966 2354 1040 2383 tare
1056 2349 1215 2383 leonem.’

1009 2404 1075 2434 492
1105 2401 1266 2434 Vocalibus
1289 2400 1407 2442 anu-is]
1430 2401 1508 2433 Non
1523 2399 1597 2440 ipsa
1610 2408 1670 2431 an-

969 2456 1025 2485 tra
1039 2452 1171 2484 vocalia
1187 2456 1300 2492 erant,
1315 2451 1375 2483 sed
1393 2450 1518 2482 vocalis
1533 2449 1671 2491 Pythis,

967 2514 1046 2546 quae
1072 2513 1117 2536 ex
1143 2504 1186 2536 iis
1215 2503 1354 2536 oracula
1382 2501 1552 2535 reddebat
1578 2501 1672 2544 apud

966 2553 1133 2595 Delphos.

1009 2607 1074 2637 493
1100 2603 1222 2636 Obruta
1239 2603 1348 2645 gelida
1369 2612 1426 2635 ora
1441 2602 1572 2644 prensis]
1593 2602 1671 2634 Vir-

967 2655 1068 2697 gilius
1083 2656 1255 2697 explicat:
1290 2654 1451 2687 ‘Obtutn
1477 2657 1574 2686 tenet
1598 2661 1670 2691 ora,

968 2707 1109 2749 soloque
1130 2705 1312 2738 immobilis
1328 2703 1459 2736 haeret)
1502 2703 1671 2745 Laemque

966 2768 1024 2800 per
1037 2761 1127 2791 artus
1141 2757 1268 2791 Horror
1282 2757 1339 2799 iit]
1362 2756 1508 2798 Horror,
1522 2765 1582 2789 seu
1601 2760 1671 2788 tre-

1808 1591 1820 1692 αέ--Λᾼκ
1818 1578 1820 1583 .
1812 1517 1820 1565 ;-..-Α
1812 1438 1820 1510 aiu-A.
1813 1373 1820 1429 nm-
1811 1214 1820 1363 n-n-—inaae—

1798 2727 1803 2738 -
1803 2707 1809 2714 f
1795 2669 1807 2687 vv·
1787 2543 1813 2650 fimbh
1804 2508 1813 2514 ,
