1820 3068
0 2711 18 2747 r„

0 2747 19 2798 ξ’

3 2813 29 2877 {5

597 200 882 237 THEBAmos
915 202 1010 233 1213.
1042 201 1117 233 Ill.

1498 190 1584 235 831

122 298 228 342 Non
245 297 367 342 venit
383 296 586 351 auguriis
604 297 786 339 melior:
817 297 924 352 quin
943 297 1108 349 vultur,
1130 300 1176 339 et
1196 295 1300 338 altis

123 367 330 422 Desuper
349 365 588 420 accipitres
609 364 863 408 exultavere
883 365 1072 420 rapinis.

118 501 167 530 est
181 498 395 537 favorabilius
406 497 575 539 augurium
589 507 682 539 quam
695 496 843 538 vulturis,
863 499 895 528 et
908 496 962 528 ubi
974 496 1141 538 accipitres
1154 497 1305 529 letantur
1317 496 1446 537 desuper
1459 492 1586 527 sublimi

120 686 223 718 Crue.
237 690 274 719 et
289 687 547 719 (ἕαται-508
567 687 661 719 Dan.
685 685 770 718 Put.
796 680 922 718 Petav.
948 689 1093 723 uterque
1117 685 1241 716 Bebot.
1257 693 1373 717 omnes
1390 681 1584 721 Barthiani,

117 729 263 762 Venett.
276 731 375 762 Rom.
388 729 494 762 Aldd.
505 729 616 762 Colin.
628 728 764 770 Gryph.
775 729 883 760 Basil.
895 729 1014 760 Plant.
1026 729 1171 760 Gevart.
1181 728 1339 760 Grasser.
1355 725 1586 766 Lindenbrog.

119 776 157 804 et
167 772 272 804 Cruc.
283 773 392 804 melior
406 783 498 813 quam
512 773 637 810 vultum
654 772 873 813 Lang.Laur.
887 771 1020 803 Buslid.
1039 771 1191 812 Lipsian.
1206 771 1368 802 Petrens.
1383 774 1418 801 et
1433 768 1513 800 edd.
1531 777 1584 799 re·

110 816 229 848 centt.
251 816 383 853 melion·
397 815 474 857 quin
488 816 607 848 vultur.
650 818 660 833 ‘
679 816 758 847 Non
784 824 871 856 opus
886 819 939 846 est
954 814 1196 846 emendatione
1213 813 1275 845 viri
1291 811 1480 844 doctissimi
1495 810 1585 842 Tho·

119 866 187 891 me
210 859 401 900 Demsteri‚
423 859 539 900 legere
563 858 754 900 cupientis:
776 858 908 895 melior-3
928 858 983 889 sed
1009 858 1127 890 vultur.
1171 856 1245 889 Res
1267 856 1357 888 enim
1373 859 1411 887 et
1426 854 1475 887 sic
1489 854 1585 886 clara

781 954 923 988 NOTAE

161 1041 227 1072 508
250 1039 326 1071 Noa
338 1038 427 1071 venit
442 1038 585 1079 auguriis
598 1039 724 1071 melior.-
746 1039 822 1080 quin

117 1089 240 1132 [quum]
262 1091 380 1132 πλὴν]
402 1090 497 1122 Male
521 1090 611 1122 hune
638 1091 749 1122 locum
772 1090 821 1122 in-

118 1140 254 1173 tellexit
274 1145 311 1173 et
329 1140 488 1174 distinxit
513 1142 730 1183 Bernartius,
744 1151 822 1174 cum

117 1189 219 1232 pouit
232 1194 397 1232 punctum
412 1195 490 1233 post
504 1190 543 1223 τὸ
555 1191 666 1226 nnelior
680 1196 718 1223 et
736 1191 822 1233 legit

118 1239 208 1280 quin,
229 1244 267 1272 et
288 1239 376 1272 dicit
399 1250 474 1272 esse
505 1250 665 1273 sensum:
693 1240 822 1283 Aquila

117 1291 212 1332 Jovi,
225 1291 358 1324 Corvus
371 1291 538 1334 Apollini,
553 1298 590 1325 et
602 1293 742 1325 Noctua
754 1293 822 1325 Mi·

118 1350 249 1378 nerva,
271 1351 380 1374 sacrae
407 1351 500 1384 aves,
520 1342 664 1375 secundi
687 1343 822 1385 augurii

117 1390 263 1432 indices,
277 1401 443 1434 nusquam
459 1398 652 1435 apparent;
673 1393 734 1425 sed
750 1393 822 1425 vul-

118 1447 214 1475 tures
238 1447 277 1475 ct
301 1443 486 1485 accipitres
525 1444 651 1485 passim
696 1443 822 1475 dehac·

119 1492 287 1525 ebantur:
323 1492 415 1525 unde
443 1493 601 1525 excludit
627 1493 672 1526 ab
702 1493 821 1526 avibus

117 1542 201 1576 boni
227 1542 349 1575 ominis
378 1544 531 1575 vultures
561 1548 598 1576 et
623 1544 822 1585 accipitres,

118 1602 198 1628 cnm
224 1597 343 1626 tamen
366 1593 548 1626 duodecim
574 1594 749 1632 vulturum
763 1603 822 1626 au-

118 1643 230 1684 spicio
255 1641 401 1675 fundata
425 1642 553 1675 dicitur
566 1644 687 1683 Roma,
710 1649 750 1676 ut
775 1644 823 1675 vi-

119 1692 240 1726 duum
264 1693 355 1735 apud
375 1692 524 1735 Livium,
546 1698 582 1726 et
596 1693 822 1726 Plutarchum

118 1742 154 1775 in
168 1743 327 1784 Romulo,
347 1743 406 1785 qui
426 1743 532 1775 etiam
553 1743 676 1776 scribit
690 1742 734 1776 e'x
749 1745 823 1776 He-

119 1793 244 1827 rodoto
257 1794 408 1827 Pontico
423 1794 613 1827 Herculem
637 1795 753 1836 magni
774 1794 822 1827 fe-

120 1845 212 1879 cisse
226 1845 409 1886 vulturem,
429 1850 467 1877 et
488 1845 635 1877 maxime
659 1846 825 1887 laetatum,

119 1904 197 1928 eum
213 1895 279 1928 sibi
292 1895 330 1928 in
354 1895 532 1937 procinctu
556 1895 700 1937 alicujus
716 1905 822 1937 expe-

119 1945 259 1978 ditionis
285 1946 407 1988 aliquia
433 1950 632 1987 appareret.
688 1946 823 1979 Dicunt

118 1995 225 2028 etiam
254 1995 383 2028 Caesari
420 1995 615 2029 Octaviano
646 1996 680 2028 in
713 1997 823 2039 primo

119 2046 303 2079 consulatu
316 2046 496 2078 duodecim
513 2047 668 2078 vultures
683 2056 760 2079 sese
773 2057 823 2080 os-

118 2095 292 2135 tendisse3
316 2096 406 2128 unde
434 2095 493 2128 ille
520 2105 619 2138 spem
647 2097 822 2138 concepit,

120 2155 159 2178 se
171 2145 358 2190 quandoqe
369 2146 514 2187 imperio
533 2147 640 2178 totins
655 2146 747 2178 orbis
762 2157 820 2188 po-

119 2194 278 2237 titurum.
310 2197 485 2230 Quantum
501 2196 544 2228 ad
560 2197 760 2238 accipitres,
773 2197 823 2229 vi-

121 2245 248 2284 dentur
260 2246 364 2278 etiam
378 2245 485 2279 fuisse
498 2247 579 2279 boni
592 2247 725 2288 ominis,
735 2257 822 2289 prae-

120 2298 237 2331 sertim
261 2299 356 2339 apud
378 2299 534 2341 Graecos,
555 2300 600 2332 de
622 2300 746 2342 quibus
766 2300 822 2333 hic

122 2348 249 2389 agitur,
270 2349 350 2391 qnia
376 2354 475 2382 erant
499 2351 604 2382 etiam
629 2351 822 2384 consecrati

121 2397 288 2440 Apollini.
332 2398 504 2440 Quodque
531 2400 750 2433 confirmatur
778 2411 822 2434 ex

122 2449 279 2482 Homero
293 2448 421 2491 odyss.
435 2454 476 2482 0.
500 2452 560 2493 qui
580 2451 702 2484 scribit
723 2453 822 2485 Tele-

120 2500 242 2533 macho
270 2501 307 2533 iu
332 2501 478 2542 patriam
501 2501 675 2543 naviganti
696 2502 823 2544 accipi-

120 2553 210 2583 trem
225 2550 378 2583 velocem
392 2549 564 2593 Apollinis
587 2552 741 2584 nuntium
762 2563 821 2594 ap-

121 2601 286 2641 paruisse,
328 2601 416 2643 quod
460 2601 638 2642 augurium
685 2603 824 2644 accepit

120 2649 388 2693 'neodymenus
403 2655 440 2683 nt
450 2651 582 2692 laetum,
594 2650 825 2695 faustumque,

123 2709 188 2733 nec
202 2700 277 2734 sine
287 2702 363 2734 Deo
376 2702 495 2734 venire
507 2701 664 2734 dextram
678 2701 823 2735 affirma-

123 2750 187 2783 vlt>
202 2751 331 2795 alitem,
368 2752 547 2796 omniaque
588 2753 621 2786 ei
656 2761 823 2796 prospere

876 1043 1044 1071 eventura
1060 1037 1266 1070 vaticinatus
1281 1039 1346 1068 est.
1391 1034 1493 1069 Quod
1511 1034 1586 1066 Ho-

875 1098 990 1121 merus
1020 1089 1142 1120 sumsit
1172 1087 1214 1119 ab
1245 1085 1428 1128 AEgyptiis,
1459 1085 1585 1127 quibus

877 1139 1057 1181 accipiter,
1088 1143 1128 1170 ut
1158 1137 1315 1180 Apollini
1346 1140 1584 1176 consecratus,

877 1189 990 1222 cultus
1005 1194 1074 1230 est,
1089 1188 1250 1221 tradente
1265 1187 1399 1220 AEliano
1416 1186 1584 1219 Historiae

875 1239 1083 1272 Animalium
1100 1239 1157 1272 lib.
1174 1248 1211 1271 x.
1226 1248 1303 1280 cap.
1318 1241 1373 1270 14.
1395 1238 1500 1280 Apud
1515 1237 1588 1270 Ro-

875 1300 994 1322 manos
1025 1299 1108 1322 vero
1137 1289 1318 1330 Accipiter
1346 1288 1426 1320 mali
1462 1288 1587 1320 ominis

874 1339 1013 1372 habitus
1039 1345 1106 1378 est,
1129 1343 1169 1372 ut
1195 1343 1294 1381 patet
1316 1347 1360 1370 ex
1384 1337 1450 1370 hoc
1465 1337 1586 1370 Ovidii

874 1391 1065 1423 versiculo:
1089 1395 1099 1409 ‘
1111 1390 1260 1423 Odimus
1277 1389 1492 1430 accipitrem,
1504 1389 1587 1431 quia

875 1450 1013 1482 semper
1037 1440 1125 1472 vivit
1153 1440 1188 1472 in
1212 1438 1337 1471 armis.'
1380 1438 1515 1470 Plinius
1533 1444 1585 1470 ta-

876 1501 954 1524 men
984 1492 1113 1524 Circon
1142 1501 1186 1524 ex
1220 1489 1426 1531 accipitrum
1458 1499 1585 1531 genere

876 1542 1037 1574 claudum
1052 1543 1164 1575 altero
1179 1541 1270 1583 pede
1285 1540 1510 1582 prosperrimi
1525 1550 1586 1572 au-

875 1592 962 1634 gurii
988 1593 1198 1635 nuptialibus
1221 1591 1371 1633 negotiis
1397 1595 1432 1623 et
1457 1600 1586 1633 pecua-

875 1644 935 1675 riae
952 1644 1004 1675 rei
1027 1653 1102 1675 esse
1119 1643 1228 1675 tradit
1243 1642 1304 1674 lib.
1322 1651 1356 1674 x.
1374 1651 1407 1675 c.
1422 1644 1456 1674 8.
1476 1642 1585 1674 etiam

874 1694 1088 1734 Triorchem,
1105 1694 1160 1726 cui
1175 1693 1406 1735 principatum
1427 1692 1462 1724 in
1477 1703 1584 1735 augu-

877 1745 935 1777 riis
963 1744 1174 1777 Pboemonoe
1203 1743 1323 1775 dedit:
1346 1744 1356 1762 ‘
1377 1743 1586 1775 buteonem'

875 1796 965 1828 hunc
979 1796 1159 1838 appellant
1171 1794 1330 1834 Romani;
1339 1792 1468 1824 familia
1479 1793 1585 1825 etiam

876 1856 920 1878 ex
950 1855 993 1878 eo
1021 1846 1274 1887 cognominata,
1304 1854 1381 1876 cnm
1415 1853 1585 1885 prospero

876 1896 1028 1938 auspicio
1043 1896 1078 1928 iu
1096 1896 1196 1928 ducis
1220 1895 1298 1927 navi
1314 1893 1471 1927 sedisset.
1514 1893 1587 1926 Sed

877 1953 916 1979 nt
943 1957 1062 1979 verum
1090 1947 1237 1987 dicatur,
1259 1946 1333 1977 haec
1357 1945 1505 1977 scientia
1525 1955 1586 1976 au—

878 2008 999 2040 gurum
1022 1999 1156 2040 magnis
1179 1998 1336 2029 involuta
1353 2001 1428 2029 erat
1442 1995 1587 2029 difficul-

877 2049 1020 2087 tatibus,
1042 2049 1195 2091 nihilque
1225 2048 1313 2080 certi
1343 2047 1387 2079 de
1415 2047 1458 2079 iis
1481 2047 1585 2079 rebus

878 2098 1014 2134 definiri
1029 2104 1157 2140 potest,
1182 2108 1261 2130 cum
1277 2098 1450 2130 variantes
1474 2092 1586 2139 scrip-

878 2153 990 2182 torum
1004 2154 1042 2183 et
1053 2149 1239 2182 Poetarum
1263 2148 1487 2181 auctoritates
1502 2157 1585 2180 con-

877 2199 994 2232 ciliare
1010 2209 1111 2241 poene
1132 2199 1341 2241 impossibile
1357 2199 1414 2231 sit.
1456 2199 1503 2231 Et
1517 2199 1584 2231 boc

877 2250 1054 2292 praecipue
1090 2250 1181 2292 apud
1221 2251 1405 2282 Romanos.
1465 2250 1584 2283 Graeci

876 2301 967 2333 enim
997 2301 1105 2342 magis
1135 2310 1251 2333 secum
1278 2301 1427 2333 invicem
1456 2310 1583 2333 conve-

877 2351 988 2392 niunt,
1017 2351 1228 2383 affirmantes
1258 2352 1399 2392 auguria
1431 2361 1451 2383 a
1481 2355 1584 2393 parte

875 2400 999 2433 dextra
1012 2401 1107 2443 (quae
1123 2401 1208 2442 ipsis
1224 2411 1265 2433 ea
1281 2406 1347 2442 est,
1367 2411 1443 2443 quae
1455 2401 1583 2434 Ortum

876 2455 1025 2492 spectat,
1043 2455 1083 2483 ut
1098 2456 1135 2483 et
1149 2452 1286 2483 sinistra
1299 2461 1377 2493 quae
1393 2451 1584 2493 Occasum)

876 2501 1053 2533 venientia
1077 2511 1214 2543 semper
1244 2502 1326 2533 laeta
1349 2511 1389 2534 ac
1414 2510 1584 2543 prospera

876 2551 997 2589 fuisse,
1026 2562 1047 2584 e
1071 2557 1197 2584 contra
1222 2561 1243 2583 a
1269 2551 1420 2592 sinistra,
1442 2551 1519 2584 dira
1544 2555 1583 2584 et

876 2601 1039 2634 infausta.
1085 2602 1142 2634 De
1163 2601 1346 2642 generibus
1369 2610 1453 2633 vero
1467 2601 1582 2643 auspi-

877 2652 1078 2694 ciorum,qet
1093 2652 1218 2694 quibus
1243 2661 1286 2684 ea
1311 2651 1427 2685 verbis
1442 2651 1582 2694 fierent,

878 2702 1020 2735 consule
1033 2702 1245 2735 Brissonium
1275 2701 1336 2735 lib.
1351 2711 1376 2736 1.
1401 2712 1436 2745 p.
1451 2705 1527 2735 122.
1544 2708 1582 2736 et
