1820 3068
207 184 325 226 1108
439 195 480 224 P.
512 193 707 225 PAP1N11
742 193 911 225 s‘rA‘rn
945 195 1228 227 rnnnAinos
1262 196 1359 227 ms.
1390 196 1457 227 vi.

209 291 328 333 Fata
347 293 500 345 patent
519 289 711 331 homini:
743 290 864 343 piget
882 289 1116 340 inservare,
1136 291 1341 345 peritque
1581 291 1669 334 9:35

207 358 390 401 Venturi
411 358 633 412 promissa
651 357 760 398 fides
777 370 786 398 :
819 356 884 398 sic
906 357 1056 398 omina
1076 369 1226 399 casum

209 426 433 474 Fecimus,
455 429 503 466 et
520 424 639 465 vires
659 424 786 465 auxit
809 423 1007 465 Fortuna
1026 424 1228 466 nocendi.

209 492 427 547 Campum
445 504 623 532 emensa
642 491 767 532 brevi
786 490 935 532 fatalis
953 491 1011 531 ab
1034 491 1186 532 arbore
1202 495 1338 542 tacta,

209 559 497 603 Horrendum
511 558 626 608 visu,
646 571 726 612 per
745 570 859 611 quas
880 556 1012 598 modo
1029 557 1198 611 fugerat
1218 570 1365 609 auras,
1724 608 1726 610 ‚

209 628 350 670 Venit
370 626 536 669 arundo
552 629 681 675 retro,
702 637 965 679 versumque
983 637 1010 666 a
1031 624 1119 666 fine
1141 629 1332 667 tenorem
1586 627 1672 669 940

209 694 414 745 Pertulit,
433 697 478 736 et
497 696 614 734 notae
627 692 758 746 juxta
779 692 867 732 ruit
885 704 962 733 ora
982 692 1211 745 pharetrae.

210 761 361 804 Multa
381 760 517 802 duces
536 771 676 800 errore
696 763 867 800 serunt:
896 758 943 799 hi
963 759 1133 809 nubila,
1150 765 1195 801 et
1216 761 1333 802 altos

211 828 474 872 Occurrisse
496 826 670 868 Notos:
701 826 889 868 adverso
910 827 1082 868 roboris
1103 828 1194 870 ictu

209 897 326 939 Tela
339 894 520 950 repulsa
540 893 632 936 alii.
692 892 883 935 Penitus
904 894 1009 935 latet
1029 895 1176 936 exitus
1197 896 1365 949 ingens,

212 964 606 1015 Monstratumque
627 961 784 1003 nefas:
815 961 891 1003 uni
911 963 1152 1004 remeabile
1172 963 1351 1015 bellum,
1587 967 1673 1009 945

212 1033 269 1075 Et
288 1032 434 1074 tristes
453 1028 628 1071 domino
648 1028 899 1083 spondebat
914 1030 1084 1072 arundo
1102 1044 1319 1074 recursus.

212 1150 400 1191 negligitur,
415 1153 445 1182 et
459 1150 546 1192 fides
559 1154 681 1182 ostensa
698 1149 809 1189 saturi
823 1151 987 1182 evanescit.
1031 1150 1087 1183 Sic
1101 1151 1203 1183 «mania
1217 1152 1304 1184 casui
1318 1151 1529 1191 attribuimus,
1555 1155 1587 1184 et
1603 1150 1675 1191 fur-

212 1196 290 1226 tuna
311 1197 408 1234 auget
419 1196 606 1233 potestatem
620 1193 761 1224 nocendi.
805 1192 997 1224 Portentosa
1020 1193 1142 1234 sagitta
1166 1197 1361 1235 transgressa
1382 1205 1494 1235 agrum
1516 1196 1582 1234 (res
1606 1195 1678 1225 dira

211 1236 355 1278 aspectu)
370 1236 456 1267 redit
468 1238 554 1267 retro
569 1235 699 1267 remissa
713 1246 733 1266 a
751 1244 851 1276 parva
863 1235 984 1272 arbore,
998 1246 1053 1277 per
1068 1238 1195 1269 eandem
1209 1237 1293 1269 viam
1319 1247 1376 1279 per
1398 1248 1489 1278 quam
1502 1237 1614 1276 suerat
1629 1237 1677 1267 vi-

214 1277 318 1318 brata,
340 1282 372 1310 et
394 1279 550 1310 redeundo
576 1279 772 1310 conservavit
795 1288 814 1308 a
837 1277 970 1310 termino
985 1279 1118 1319 impetus
1133 1283 1280 1318 tenorem,
1293 1283 1323 1311 et
1337 1281 1424 1311 cadit
1437 1280 1535 1319 juxta
1549 1289 1583 1310 os
1596 1282 1680 1312 nota

211 1320 383 1362 pharetroe.
428 1321 537 1353 Multa
551 1322 643 1353 duces
663 1321 771 1352 dicunt
795 1321 930 1352 inscitia.
975 1321 1026 1352 Hi
1040 1322 1147 1361 nubes,
1163 1325 1193 1353 et
1208 1322 1351 1354 sublimes
1364 1325 1471 1354 ventos
1487 1322 1609 1354 obviam
1623 1331 1678 1352 ve-

214 1363 309 1403 nisse,
323 1367 354 1395 et
377 1364 532 1404 sagittam
559 1364 730 1395 retorsisse.
775 1363 845 1394 Alii
873 1364 1026 1403 sagittam
1049 1365 1208 1395 remissam
1233 1374 1415 1405 repercussu
1442 1365 1517 1396 ἐσίω
1544 1364 1677 1396 arbori-9.

214 1405 425 1438 Admirabile-1
444 1410 570 1438 eventus
590 1407 714 1437 omnino
735 1407 919 1442 occultatur,
940 1409 1157 1447 ostensumque
1175 1408 1353 1448 prodigium
1367 1417 1488 1440 unume
1503 1407 1579 1440 bello
1592 1406 1678 1439 redi·

214 1451 320 1481 turum
327 1459 341 1487 ;
364 1453 396 1482 et
409 1449 532 1489 sagitta
545 1448 746 1490 portendebat
760 1449 884 1480 domnino
897 1452 1036 1480 moestam
1048 1449 1265 1482 reversionem.

829 1541 906 1554 ΟΝΙ
911 1541 1007 1554 (ΟΙΝ
1012 1541 1026 1555 0
1031 1542 1068 1554 00

214 1614 435 1644 texta—934
457 1611 498 1643 In
515 1610 716 1654 quibusdam
733 1609 1051 1651 Lindenbrogianis‚
1065 1619 1141 1642 cnm
1158 1609 1260 1643 Aldd.
1279 1610 1389 1642 Colin.
1413 1609 1547 1652 Gryph.
1575 1609 1684 1644 Basilv

217 1659 254 1687 et
270 1654 387 1686 Plant.
408 1655 513 1686 omnia
527 1654 632 1686 causis
640 1656 762 1685 2—936
784 1653 825 1684 In
841 1653 962 1685 iisdem
978 1653 1094 1685 libris:
1119 1653 1166 1685 sic
1180 1653 1282 1684 omnia
1295 1662 1421 1690 castam
1444 1652 1536 1694 qnod
1552 1652 1679 1684 habent

217 1697 322 1729 etiam
337 1698 428 1728 Dan.
444 1697 528 1729 Put.
543 1697 668 1728 Petav.
683 1696 793 1735 Lang.
807 1696 910 1727 Laur.
937 1699 973 1727 et
989 1695 1121 1727 anlid.
1140 1695 1367 1728 Doctissimus
1390 1695 1472 1727 Gul.
1495 1695 1678 1735 Canterus,

217 1740 309 1772 NoV.
326 1740 422 1771 Lect.
441 1739 500 1772 lib.
518 1748 543 1770 1.
558 1748 633 1780 cap.
649 1741 682 1770 8.
697 1739 802 1770 omina
813 1738 866 1770 hic
881 1738 1064 1779 legendnm
1082 1739 1238 1776 censuit3
1259 1742 1296 1769 et
1311 1738 1359 1770 ita
1373 1737 1519 1769 habetur
1535 1738 1569 1769 in
1584 1742 1679 1769 utro-

217 1781 283 1824 que
299 1782 421 1815 Behot.
438 1791 580 1823 qnorum
597 1782 686 1813 alter
709 1780 849 1813 exhibet
863 1783 1056 1812 casm—93⁷
1079 1781 1159 1812 Put.
1176 1780 1442 1819 hausitsormna,·
1463 1785 1500 1812 et
1525 1780 1576 1822 sle
1591 1789 1678 1811 nnus

220 1825 340 1857 Barth.
357 1825 416 1856 sed
433 1834 497 1866 pro
508 1833 540 1856 v.
552 1824 578 1855 1.
592 1824 698 1863 duxit,
708 1833 785 1855 cum
803 1823 915 1863 glossa
925 1823 1151 1855 haurit.—-938
1167 1823 1263 1855 Unus
1277 1822 1520 1863 Lindenbrogii
1534 1832 1543 1854 :
1567 1822 1681 1854 emissa

218 1867 425 1900 brevi.—942
447 1868 457 1884 ‘
473 1867 620 1899 Prorsus
635 1865 830 1907 legendum,
848 1869 885 1897 ut
910 1866 1048 1906 oprimae
1075 1866 1221 1906 aliaeque
1247 1865 1451 1897 membranae
1479 1863 1684 1906 praeferunt,

216 1919 322 1942 errore
335 1908 467 1942 serunt)
483 1909 605 1941 Barth.
643 1909 698 1940 Ita
710 1918 845 1950 quoque
862 1918 947 1939 unus
963 1909 1088 1940 Behot.
1111 1917 1215 1939 errore
1220 1907 1377 1946 fer-untin
1393 1907 1472 1939 edd.
1485 1909 1680 1939 vem—945

221 1952 445 1984 Marklandus
461 1952 505 1984 ad
519 1952 612 1993 Sylv.
626 1960 668 1983 n.
684 1954 716 1982 6.
733 1953 764 1982 3.
780 1951 979 1992 distinguit:
1005 1951 1277 1991 Mensem-utumque
1288 1950 1394 1992 (nefas
1403 1949 1434 1991 !)
1447 1950 1517 1990 uni,
1529 1950 1583 1989 ξε.

878 2048 1024 2081 NOTAE

262 2116 327 2146 934
352 2114 545 2155 Qt'sfluere
560 2114 703 2154 occultis,
717 2113 789 2154 ὅμκ]
822 2113 923 2146 Quae-
979 2112 1055 2143 dam
1071 2112 1189 2153 legunt
1204 2111 1317 2143 omina.
1443 2150 1450 2156 .

222 2165 300 2197 dam
317 2164 530 2205 exemplaria
554 2164 614 2195 hos
632 2168 779 2205 quatuor
805 2172 923 2195 versus
1020 2165 1082 2194 936
1108 2161 1288 2202 Inservare]
1311 2164 1320 2178 ‘
1333 2158 1500 2193 servare’
1516 2160 1682 2201 singurale

221 2216 256 2248 in
273 2216 385 2248 locum
401 2218 549 2257 quatuor
575 2214 790 2256 sequentium
814 2218 923 2246 trans·
978 2212 1132 2244 verbnm.
1189 2212 1314 2243 Cicero
1350 2219 1413 2252 pro
1445 2210 1560 2242 Domo
1596 2219 1679 2246 sua:

223 2266 393 2305 tulerunt,
410 2269 446 2296 et
461 2264 536 2296 vice
553 2273 665 2296 versa.
702 2264 803 2296 Mens
820 2273 922 2296 vero:
978 2265 988 2282 ‘
1002 2264 1144 2305 Negant
1159 2262 1210 2295 fas
1236 2272 1314 2295 esse
1339 2262 1405 2303 agi,
1432 2271 1510 2294 cum
1532 2261 1575 2292 de
1591 2261 1679 2293 coelo

223 2317 361 2349 Numen
384 2315 488 2347 certis
513 2314 649 2346 indiciis
672 2317 709 2346 et
734 2313 927 2346 manifestis
981 2318 1153 2346 servatum
1170 2313 1238 2345 sit.'
1284 2312 1468 2355 Componit
1489 2312 1545 2343 hic
1571 2311 1678 2352 Papi-

224 2366 400 2409 praesagiis
417 2375 471 2397 res
487 2365 620 2397 futuras
631 2364 823 2397 hominibus
838 2364 927 2396 indi·
981 2363 1069 2404 nius,
1090 2363 1180 2405 quod
1204 2367 1242 2395 et
1263 2361 1347 2395 fecit
1368 2362 1482 2394 Theb.
1499 2370 1583 2393 vm.
1605 2363 1681 2394 194.

223 2427 316 2458 care,
332 2418 453 2458 eisque
468 2420 611 2448 eventus
624 2425 736 2448 rerum
753 2420 886 2457 patere,
900 2415 928 2448 si
983 2415 994 2432 ‘
1011 2415 1147 2455 Elysias
1162 2413 1260 2445 dedit
1274 2413 1447 2445 inservare
1462 2411 1639 2443 volucres!

225 2467 337 2499 velint
361 2465 567 2497 attendere:
595 2474 662 2507 qno
685 2466 858 2506 neglecto,
888 2474 930 2497 ea
1026 2468 1090 2498 942
1112 2464 1228 2497 Serunt
1257 2462 1404 2506 [sev-unt]
1437 2462 1604 2496 Quidam:
1634 2472 1682 2495 κ-

223 2528 301 2561 quae
314 2517 412 2549 nobis
426 2516 588 2548 accidunt
606 2516 701 2549 casui
717 2515 929 2556 ascribimus,
982 2520 1071 2557 runt,
1088 2525 1279 2547 sermonem
1296 2523 1426 2546 serere.

229 2573 265 2601 et
282 2569 332 2600 sic
345 2567 484 2599 fortuna
499 2568 650 2609 amplum
665 2566 767 2599 nobis
782 2566 930 2598 nocendi
1019 2569 1084 2598 946
1098 2566 1144 2598 Ee
1158 2566 1269 2597 tristes
1277 2565 1400 2597 domino
1411 2563 1580 2606 spondebat
1588 2571 1684 2594 arun-

226 2619 339 2651 locum
376 2619 494 2659 habet,
533 2628 610 2650 cuin
646 2627 713 2650 non
748 2626 930 2649 caveamus
984 2618 1023 2648 do
1038 2615 1197 2657 recursus]
1219 2616 1320 2648 Solus
1344 2615 1434 2647 enim
1455 2613 1641 2653 Adrastus,
1661 2621 1682 2644 e

227 2678 268 2700 ea
287 2679 363 2709 qnae
380 2669 480 2701 nobis
494 2668 651 2701 cavenda
666 2667 752 2700 satis
767 2666 827 2698 Dii
844 2666 930 2698 indi·
986 2672 1039 2699 tot
1054 2667 1213 2708 ducibus,
1228 2666 1363 2699 domum
1375 2672 1528 2697 reversus
1541 2666 1595 2695 est
1610 2666 1684 2694 tur-

230 2725 323 2761 cam,
339 2720 368 2751 si
382 2719 651 2752 observaremus.
697 2716 831 2759 Omnia]
846 2717 931 2750 Qui-
985 2717 1020 2758 pi
1034 2716 1128 2758 fuga.
