1820 3068
214 236 302 279 746

719 249 761 282 P.
793 252 986 284 PAmNn
1020 251 1186 286 STATH

216 343 399 394 Fossor,
420 349 466 387 et
485 345 669 388 hostiles
696 338 923 391 inimibent
944 351 1134 393 classica
1153 356 1334 404 turmas,
1364 362 1369 365 ⁷

217 412 446 455 Praefuris.
493 413 544 455 In
563 415 735 457 medios
755 417 793 458 si
810 418 1013 460 cominus
1033 432 1137 461 orsa
1157 421 1339 463 tulisses

1597 423 1684 466 420

216 480 444 532 Bistonas,
463 485 540 523 aut
561 483 715 538 refugo
735 482 957 538 pallentes
979 488 1077 529 sole
1098 488 1316 540 Gelonos,

215 550 401 592 Parcior
421 550 638 605 alloquio,
660 557 703 594 et
722 554 860 596 medii
880 557 1145 603 reverentior
1161 559 1283 612 aequi

217 617 458 672 Inciperes.
506 619 669 674 Neque
691 625 734 663 te
752 621 1007 665 furibundae
1029 624 1209 666 crimine
1227 626 1387 668 mentis

216 685 475 740 Arguerim;
498 688 711 731 mandata
729 690 882 734 refers.
934 691 1085 744 Nunc,
1104 693 1255 735 omnia
1275 695 1454 748 quando

216 754 363 800 Plena
382 756 530 807 miniS‚
547 770 635 799 nec
655 763 834 814 sceptra
853 760 957 811 fide,
978 773 1060 803 nec
1081 774 1196 815 pace
1217 767 1449 816 sequestra

1597 763 1686 806 425

217 821 431 875 Poscitis‚
451 829 497 866 et
516 826 680 880 capulo
700 827 885 882 propior
906 841 1088 881 manus3
1119 829 1216 871 haec
1234 842 1336 871 mea
1347 830 1441 883 regi

216 889 448 945 Argolico,
469 893 661 936 nondum
683 908 815 950 aequa
835 898 938 947 tuis,
958 897 1056 938 vice
1074 897 1198 938 dicta
1216 901 1399 950 reporta
1413 910 1427 939 ε

215 960 335 1012 'Quae
353 974 450 1003 sors
459 961 588 1016 justa
606 963 730 1014 mihi,
753 978 854 1019 quae
875 978 963 1007 non
983 965 1212 1007 indebitus
1232 966 1361 1007 annis

219 1028 408 1085 Sceptra
427 1030 597 1073 dicavit
614 1031 772 1085 honos,
794 1036 942 1084 teneo,
959 1033 1223 1089 longumque
1244 1033 1418 1076 tenebo.

217 1188 288 1220 pus,
310 1183 349 1211 ut
360 1179 390 1212 εἰ
402 1190 509 1213 recens
514 1180 622 1221 fossor
628 1181 700 1222 jam
713 1182 887 1223 aperuisset
900 1182 1035 1216 obsessos
1050 1194 1164 1221 muros,
1185 1186 1216 1216 et
1239 1184 1323 1216 tuboe
1337 1183 1513 1216 excitarent
1526 1185 1569 1216 cul
1581 1184 1687 1226 direp-

216 1222 333 1254 tionem
354 1223 499 1255 inimicas
520 1226 635 1266 copias.
679 1226 718 1258 Si
741 1226 894 1266 perferres
915 1227 1044 1268 propius
1054 1237 1225 1263 sermonem
1247 1227 1282 1259 in
1295 1227 1430 1259 medium
1447 1227 1600 1260 Thracum
1613 1238 1686 1260 con·

218 1269 355 1305 tentum,
377 1270 433 1298 aut
459 1268 500 1298 ad
524 1268 660 1300 Gelonos
681 1269 820 1308 rigente-⁵
843 1275 960 1301 remoto
984 1269 1067 1310 Sole,
1088 1269 1256 1311 loquereris
1270 1270 1507 1302 modestioribus
1520 1270 1634 1311 verbis,
1656 1274 1687 1302 et

218 1308 335 1346 majore
347 1310 522 1342 reverentia
533 1321 649 1343 commu
655 1312 703 1344 nis
717 1316 749 1343 ee
762 1312 880 1351 recepti
893 1312 982 1351 juris
994 1313 1079 1344 inter·
1093 1313 1241 1345 homines.
1286 1314 1398 1354 Neque
1411 1317 1442 1345 te
1459 1313 1586 1352 furoris
1597 1324 1689 1346 accu-

216 1353 353 1383 sat-erim
364 1363 378 1390 ;
400 1355 566 1385 renuntias
578 1354 680 1393 jussa.
725 1355 834 1394 Nunc,
848 1365 917 1386 cum
931 1356 1034 1387 omnia
1049 1360 1123 1387 sunt
1138 1355 1232 1387 minis
1245 1356 1373 1395 referta,
1389 1366 1445 1388 nec
1457 1356 1603 1398 repetitis
1614 1367 1687 1397 reg-

218 1404 295 1425 num
305 1397 470 1427 secundum
477 1397 579 1437 fidem
596 1399 714 1436 datam,
736 1407 792 1430 nec
807 1398 908 1430 medin
922 1408 1009 1439 pace,
1031 1400 1087 1430 sed
1101 1408 1196 1430 manu
1208 1408 1296 1439 paene
1310 1401 1436 1431 admota
1447 1400 1556 1441 capulo
1566 1410 1580 1438 ‚¹
1601 1399 1688 1438 refer

219 1438 357 1469 vicissim
369 1439 506 1479 principi
521 1439 643 1480 Argivo
657 1440 723 1471 haec
735 1440 840 1480 verba,
862 1451 932 1481 quoe
945 1445 1000 1472 tua
1014 1451 1075 1472 mm
1087 1445 1224 1482 oequant.
1268 1442 1433 1482 Possiaeo,
1453 1443 1567 1484 diuque
1587 1443 1688 1484 posci-

219 1480 308 1517 debo,
323 1482 403 1513 illud
415 1491 560 1524 reg-num,
582 1484 663 1524 quod
683 1493 771 1524 oequa
783 1483 931 1524 fortuna,
947 1494 984 1516 ac
1002 1484 1204 1525 privilegium
1218 1485 1337 1527 oetatia,
1349 1485 1428 1517 mihi
1441 1487 1539 1518 dedit.
1583 1485 1690 1526 Regia

837 1590 1075 1603 WWOOO

218 1666 548 1700 membranae.—419
572 1667 684 1700 Fessor
707 1668 847 1701 Taurin.
885 1668 1022 1701 invitent
1043 1668 1174 1700 classica
1198 1667 1309 1701 codex
1339 1668 1548 1709 Burmanni3
1569 1669 1688 1702 immis-

217 1714 304 1742 scent
322 1721 407 1742 unus
423 1712 548 1743 Behot.
564 1721 626 1751 pro
642 1722 675 1744 v.
691 1712 826 1743 1,--420
849 1711 996 1750 Persuris
1012 1712 1162 1753 Lipsian.
1179 1713 1317 1754 aliique.
1342 1711 1499 1744 Jortinus
1532 1721 1596 1753 pro
1617 1722 1690 1744 orsa

217 1753 316 1785 malit
331 1757 506 1786 orm-422
530 1754 666 1786 Parcior
680 1755 799 1795 eloquio
814 1755 934 1786 Burni.
945 1755 1039 1787 Dan.
1051 1756 1132 1787 Put.
1143 1755 1269 1787 Petav.
1285 1759 1432 1796 uterque
1442 1755 1568 1787 Behot.
1585 1754 1688 1787 Aidd.

220 1795 331 1828 Colin.
357 1797 492 1838 Gryph.
510 1797 614 1829 Basil.
630 1801 668 1829 et
689 1798 808 1829 Plant.
846 1798 982 1829 Parcior
1005 1798 1141 1838 alloquio
1169 1799 1329 1829 Petrens.
1355 1798 1499 1830 Tanrin.
1530 1798 1687 1839 Lipsian.

219 1839 353 1871 Buslid.
368 1841 470 1871 Laur.
485 1841 593 1881 Lang.
610 1845 647 1872 et
662 1850 779 1872 omnes
795 1841 1096 1872 Barthiaui.—423
1122 1841 1173 1872 Ex
1189 1841 1318 1872 Lutatii
1334 1840 1619 1881 interpretatione
1634 1851 1692 1882 pa-

221 1887 275 1913 tet
290 1882 383 1914 illum
397 1884 535 1925 legisse,
548 1884 655 1922 gentis
668 1893 730 1924 pro
746 1884 981 1915 mentia—426
993 1884 1134 1914 Behott.
1151 1886 1181 1914 1.
1198 1887 1232 1916 2.
1244 1883 1388 1916 Taurin.
1403 1884 1522 1915 Burm.
1538 1884 1688 1924 optimus

221 1925 343 1957 Barth.
359 1926 439 1958 alii:
463 1930 494 1958 et
506 1927 634 1967 propior
647 1927 877 1967 capula—427
902 1926 1039 1957 Barthii
1063 1926 1294 1958 membranae:
1317 1927 1601 1967 nondumnwata
1623 1926 1690 1958 vice

220 1968 307 2000 dicta
322 1972 570 2011 remam—429
592 1970 737 2002 Venett.
753 1975 791 2001 et
806 1969 959 2011 Lipsiau.
974 1972 1186 2010 ‹tter-numque
1201 1969 1429 2002 leucha—480
1450 1969 1546 2001 Unus
1562 1970 1687 2002 Behot.

887 2079 1029 2113 NOTAE

265 2159 331 2189 419
344 2155 528 2197 lnimicent]
542 2155 708 2188 Horatius
721 2154 844 2187 eodem
856 2165 933 2187 ver-

223 2207 269 2239 bo
283 2211 387 2239 antea
402 2207 515 2239 fuerat
529 2217 622 2247 usus,
636 2216 690 2238 tv.
707 2206 776 2238 Od.
789 2209 842 2239 15.
863 2206 873 2223 ‘
885 2206 934 2239 Et

224 2259 366 2290 miseras
382 2258 538 2290 inimicat
553 2256 679 2290 urbes:

266 2311 330 2340 421
347 2308 516 2350 Bistonas]
530 2308 693 2340 Bistones
705 2308 859 2340 Thraeiae
873 2318 929 2350 po-

226 2358 312 2401 puli.
356 2357 448 2390 Vide
463 2368 569 2399 supra
586 2369 635 2391 vs.
651 2362 706 2391 82.
739 2361 807 2391 Aut
821 2359 933 2399 refugo

224 2410 375 2451 pauentes
399 2410 463 2441 sole
492 2409 642 2450 Gelam]
664 2409 793 2442 Geloni
816 2410 935 2451 populi

227 2460 394 2502 Scythiae.
439 2461 554 2492 Vocat
574 2469 632 2492 eos
653 2461 818 2501 pallentes,
841 2459 932 2502 quod

225 2513 289 2546 snb
309 2512 566 2554 Septemtrione
597 2504 764 2553 degentes
795 2511 933 2553 frigori-

226 2564 289 2596 bus
301 2562 479 2604 perpetuis
494 2562 644 2603 rigeant,
657 2572 697 2594 ac
710 2562 759 2594 sic
771 2562 933 2603 palleant.

227 2615 348 2655 Frigus
371 2614 476 2653 enim,
491 2613 642 2644 calorem
666 2622 688 2644 a
703 2613 800 2644 vultu
821 2613 934 2653 repel-

226 2664 342 2704 lendo,
365 2663 529 2704 pallorem
544 2661 661 2695 efficit.
705 2662 832 2702 Resugo
855 2662 935 2704 sole]

228 2714 320 2748 Quia
334 2715 385 2746 sol
398 2724 457 2746 eos
473 2715 619 2756 populos
635 2713 743 2746 radiis
759 2714 815 2746 vix
829 2713 935 2746 attin·

228 2765 293 2808 git,
315 2774 358 2797 nc
371 2765 420 2797 sic
436 2764 596 2806 refugere
612 2764 764 2798 videtur.

272 2818 336 2850 423
352 2815 460 2858 Neque
475 2815 696 2855 tesuribundae
708 2815 839 2849 crimine
852 2825 935 2849 men-

986 2157 1029 2188 tis
1051 2155 1236 2197 Arg-nerim,
1255 2155 1404 2187 mandata
1425 2153 1540 2195 refers]
1563 2153 1607 2185 Id
1623 2157 1690 2194 est,

985 2217 1055 2239 non
1071 2208 1240 2249 arguerim
1257 2211 1307 2247 te,
1323 2206 1412 2248 quod
1428 2215 1522 2237 more
1536 2203 1689 2237 furibun-

986 2257 1022 2289 di
1048 2257 1217 2298 loqueris:
1252 2255 1358 2287 verba
1388 2255 1479 2287 enim
1503 2259 1541 2286 et
1570 2253 1695 2286 modus

984 2309 1060 2340 haee
1091 2307 1230 2339 dicendi
1258 2306 1321 2338 tibi
1352 2305 1561 2347 praescripta
1589 2309 1690 2337 sunt:

987 2359 1050 2392 sed
1065 2358 1210 2390 fratrem
1225 2366 1362 2390 accuso.

1029 2412 1093 2441 425
1117 2409 1204 2440 Pace
1215 2406 1392 2449 sequestra]
1407 2405 1451 2439 Id
1466 2410 1532 2448 est,
1545 2416 1600 2447 ea,
1614 2417 1691 2450 qnae

987 2459 1037 2492 sic
1053 2460 1253 2499 intervenit,
1277 2463 1317 2490 ut
1341 2467 1407 2489 non
1432 2458 1532 2489 tollat
1554 2458 1693 2498 bellum,

988 2509 1051 2541 sed
1080 2508 1230 2548 differat,
1253 2513 1292 2540 nt
1321 2512 1403 2540 sunt
1430 2508 1591 2542 induciae.
1634 2508 1694 2542 Sic

988 2561 1140 2602 Virgilio
1163 2561 1173 2578 ‘
1190 2561 1267 2592 Pax
1282 2558 1482 2601 sequestra’
1506 2559 1642 2592 AEneid.
1655 2569 1693 2593 x.

1030 2615 1096 2644 428
1120 2612 1200 2648 Quae
1212 2620 1280 2642 sors
1291 2609 1397 2650 justa,
1415 2609 1485 2651 &cd
1506 2610 1639 2644 Tnetur
1654 2621 1693 2644 se

989 2662 1152 2694 Eteocles
1167 2660 1339 2693 communi
1346 2660 1440 2700 jure,
1462 2663 1499 2692 et
1514 2660 1694 2703 priviiegio

991 2713 1117 2753 aetatis,
1132 2722 1208 2754 quae
1224 2710 1341 2743 defert
1359 2710 1540 2752 imperium
1554 2712 1695 2754 majori-

988 2763 1052 2796 bus
1066 2767 1162 2796 natu.
