1820 3068
203 192 290 237 630
702 203 743 232 P.
777 202 968 233 ΡΛΡιΝιι
1003 202 1169 234 s'rA'rn

206 299 414 350 Brachia,
436 304 482 340 et
502 298 669 340 AEoliis
690 297 853 340 desunt
873 299 1111 342 incudibus
1131 301 1270 354 ignes.

205 368 358 423 Atque
378 367 479 409 ideo
498 367 685 408 tuleram
703 365 822 408 falso
843 371 1008 409 rectore
1032 368 1207 410 solutos

203 437 324 480 Solis
343 448 500 490 equos,
521 434 774 489 coelumque
795 435 904 476 rotis
925 436 1175 477 errantibus
1195 436 1280 486 uri,

207 504 266 547 Et
286 502 596 546 Phaethontea
614 502 828 544 mundum
846 503 1048 557 squalere
1068 503 1239 546 favilla.

209 572 291 615 Nil
312 576 460 613 actum
481 576 575 612 est:
606 583 750 625 neque
769 574 818 612 tu
838 570 990 613 valida
1010 570 1131 625 quod
1152 569 1337 625 cuspide
1355 570 1444 612 late

208 640 281 682 Ire
303 651 381 694 per
400 638 606 681 illicitum
625 639 804 693 pelago,
826 651 1045 692 germane,
1067 638 1243 681 dedisti.

210 756 322 794 lacerti
335 757 447 789 lassati
459 760 547 797 sunt,
569 760 600 788 et
625 756 716 797 ignes
734 756 884 798 deficiunt
901 755 1087 805 fornacibus
1101 755 1229 787 AEola'a's.
1271 755 1391 789 Pauus
1412 755 1536 797 quidem
1547 755 1679 794 fueram

206 799 341 833 licenter
355 810 458 832 errare
473 811 565 842 equos
580 800 663 832 Solis
671 810 727 841 per
732 799 856 838 salsum
870 799 1028 839 aurigam,
1040 802 1070 831 et
1082 799 1191 830 coelum
1204 798 1400 841 conflagrare
1414 808 1507 830 curru
1517 796 1679 838 evaganti,

189 861 197 865 -
210 853 248 875 ac
262 844 364 876 orbem
377 845 501 876 sordere
513 843 615 876 cinere
629 844 664 875 in
680 853 770 885 quem
783 853 804 874 α
818 842 1016 875 Phaethonte
1030 846 1154 873 conclus
1168 842 1368 874 est.Ni11il
1381 842 1437 873 hoc
1458 841 1602 882 profuit.-
1624 850 1677 872 nc-

210 896 271 927 que
283 888 362 928 quod
377 890 425 927 tu,
440 887 564 928 frater,
587 887 723 928 impulsu
742 885 846 926 fortis
860 885 1007 918 tridentis
1022 885 1197 917 concessisti
1211 886 1291 917 mari
1311 886 1374 917 late
1393 883 1514 926 effundi
1525 893 1583 926 per
1596 884 1677 916 veti-

822 969 904 982 ΜΟ

207 1030 294 1070 hov.
307 1041 345 1070 et
362 1040 618 1071 recentt.-222
642 1037 703 1070 Nil
723 1041 829 1070 actum
850 1047 950 1080 neque
973 1037 1207 1070 Remu—223
1231 1036 1286 1069 Ire
1306 1045 1366 1077 per
1379 1035 1527 1068 iniciam
1547 1034 1679 1077 pelag-u

214 1080 286 1114 duo
309 1081 410 1114 codd.
437 1081 697 1123 Lindenbrogii.
741 1081 828 1114 Post
848 1079 888 1113 τὸ
914 1081 1030 1113 dedisti
1053 1080 1133 1114 edd.
1160 1085 1242 1113 ante
1270 1080 1377 1112 Beru.
1403 1083 1537 1122 ponunt
1563 1082 1679 1111 notam

876 1178 1022 1212 NOTAE

216 1243 330 1276 nudus
357 1242 512 1275 membra
536 1242 755 1285 Pyracmon!
795 1243 920 1276 Hesio-
973 1244 1086 1276 Verus
1101 1243 1192 1275 enim
1208 1247 1322 1276 rector
1335 1243 1407 1276 Sol.
1432 1241 1576 1283 Solum]
1598 1241 1680 1275 Non

217 1295 282 1326 dus
299 1304 381 1327 vero
404 1298 503 1327 vocat
519 1293 691 1335 Steropen
714 1293 922 1336 Asteropen,
972 1295 1046 1326 sine
1062 1293 1191 1335 fraenis,
1209 1294 1270 1326 sed
1290 1295 1370 1337 quia
1386 1294 1460 1336 regi
1484 1303 1551 1326 non
1577 1297 1677 1335 pote-

217 1345 383 1377 Brontem
406 1345 535 1386 Argeu-
578 1344 760 1386 Faliscum]
786 1344 922 1377 Cuden-
974 1350 1063 1384 rant,
1078 1345 1224 1377 licenter
1238 1350 1410 1379 errantes.

216 1396 268 1427 dis
283 1396 418 1428 scilicet
433 1394 643 1427 fulminibus.
1014 1399 1079 1429 220
1124 1396 1209 1428 Solis
1244 1395 1354 1438 equos]
1390 1396 1550 1430 Quatnor
1581 1399 1683 1428 erant

259 1450 326 1480 218
370 1446 486 1479 AEoliis
519 1446 699 1487 incudibus]
742 1446 920 1479 Vulcanus
969 1447 1083 1489 juncti
1097 1447 1213 1480 currui
1228 1447 1327 1488 Solis,
1337 1451 1377 1478 ut
1391 1445 1514 1478 Poetae
1526 1444 1682 1478 fabulan-

217 1501 307 1533 euim
331 1504 368 1533 et
383 1500 555 1542 Cyclopes
575 1500 806 1532 credebantur
820 1499 923 1531 habe·
977 1505 1047 1539 tur,
1064 1500 1247 1542 vocatique
1263 1498 1419 1540 Pymeis,
1433 1498 1537 1538 Eous,
1550 1497 1684 1538 AEthou,

219 1562 258 1584 re
274 1550 458 1592 officinam,
482 1560 550 1582 non
561 1551 670 1583 solum
686 1550 722 1582 in
737 1551 866 1583 Lemno
882 1561 924 1584 ac
978 1554 1015 1583 et
1030 1551 1198 1592 Phlegon.
1220 1549 1312 1581 Vide
1326 1548 1432 1582 Ovid.
1447 1549 1535 1580 Met.
1549 1557 1593 1581 ιι.
1618 1547 1686 1581 Ro-

220 1602 352 1642 Sicilia,
374 1601 436 1633 sed
461 1602 565 1634 etiam
592 1602 627 1633 in
653 1601 770 1633 insulis
796 1601 926 1641 AEoliis,
976 1600 1224 1642 tismmtibm]
1248 1599 1304 1632 Ab
1319 1605 1418 1632 recta
1430 1599 1565 1632 scilicet
1580 1598 1648 1632 via.

218 1663 297 1696 quae
311 1658 447 1694 septem
460 1657 553 1693 sunt,
568 1657 605 1684 et
620 1652 695 1684 sitae
714 1652 806 1684 inter
829 1652 926 1685 Itali·

222 1714 276 1737 am
292 1709 328 1735 et
341 1703 505 1744 Siciliam,
528 1707 566 1736 et
580 1703 590 1722 ⁴
602 1703 778 1735 Vulcaniae
792 1702 803 1716 '
824 1702 867 1735 ob
889 1703 926 1735 id

220 1755 336 1788 dictae.
380 1753 472 1786 Vide
489 1754 642 1786 Soliunm
664 1763 741 1797 cap.
759 1755 810 1785 12.
855 1753 926 1785 Pli-

222 1805 318 1837 nium
342 1804 402 1837 lib.
418 1814 477 1837 111.
502 1815 580 1847 cap.
600 1808 634 1837 9.
656 1809 694 1837 et
711 1805 840 1836 Melam
862 1803 925 1836 lib.

222 1865 265 1888 11.
293 1866 371 1898 cap.
392 1858 425 1888 7.
468 1855 610 1897 Desunt]
640 1855 696 1888 Ad
724 1854 929 1887 fabricanda

223 1906 376 1939 fulmina.

266 1960 332 1990 219
356 1958 460 1999 Atque
484 1957 553 1990 ideo
577 1958 722 1998 tuder-am,
745 1956 817 1999 ξω]
850 1957 927 1989 Hoc

226 2017 325 2041 versu
340 2014 377 2041 et
392 2009 502 2040 tribus
523 2008 743 2051 sequentibus
765 2007 810 2040 ad
831 2006 928 2040 fabu-

225 2061 293 2093 lam
316 2058 545 2092 Phaethontis
566 2059 701 2100 alludit,
724 2055 792 2102 qua
811 2057 930 2091 serunt

223 2109 477 2142 Phaethontem
493 2109 677 2151 regendum
693 2109 774 2141 solis
789 2118 929 2142 currum

225 2172 247 2194 a
263 2167 362 2203 patre
379 2160 564 2202 accepisse,
576 2170 616 2192 ac
627 2159 746 2192 orbem
760 2164 930 2192 terrarum

224 2212 429 2253 incendisse,
441 2212 585 2244 oblitum
595 2211 661 2243 viae
675 2221 742 2254 qua
750 2216 930 2244 transeun-

227 2262 310 2294 dum
338 2266 426 2295 erat.
483 2262 597 2303 Hujus
629 2261 757 2294 fabulae
793 2261 930 2294 occasio

227 2312 318 2355 apud
347 2312 531 2344 Platonem
559 2312 698 2353 ponitur
727 2312 763 2344 in
790 2311 933 2353 Timaeo,

227 2362 377 2396 coelestis
393 2362 560 2394 circuitus
578 2362 735 2403 quaedam
759 2367 932 2404 permuta-

228 2413 290 2453 tio,
313 2413 414 2454 longo
437 2416 628 2454 temporum
653 2412 835 2444 intervallo
856 2421 936 2444 con-

227 2465 376 2507 tingens,
387 2474 490 2507 quam
502 2463 780 2497 inflammationis
790 2466 934 2498 vastitas

229 2521 403 2557 sequatur.
451 2515 553 2557 Apud
569 2515 730 2547 Orosium
747 2525 841 2557 vero,
857 2526 934 2558 gra-

232 2567 283 2598 vis
296 2571 411 2604 aestus,
422 2566 481 2608 qui
494 2566 535 2598 iis
547 2565 762 2607 temporibus
775 2566 861 2599 adeo
874 2576 933 2599 ex-

232 2615 386 2655 canduit,
401 2621 441 2647 ut
456 2616 526 2656 Sol,
546 2625 608 2657 per
630 2616 732 2648 devia
758 2621 934 2649 transvec-

233 2671 301 2706 tus,
329 2667 524 2698 universum
549 2667 666 2698 orbem
688 2677 758 2699 non
781 2671 852 2699 tam
876 2677 934 2700 ca·

231 2717 306 2749 lore
334 2714 502 2755 affecisse,
531 2726 632 2758 quam
662 2718 741 2758 igne
770 2719 934 2751 torruisse

225 2767 377 2800 dicatur.
422 2766 517 2799 Falso
546 2767 682 2808 rectore]
704 2768 935 2803 Phnethonte.

1024 1655 1087 1685 221
1112 1650 1277 1694 Squalere]
1305 1650 1487 1691 Proprium
1505 1659 1616 1682 rernm
1632 1649 1685 1682 ni-

982 1705 1045 1736 mis
1059 1708 1241 1735 tostarum.
1269 1699 1626 1765 Phaethonteafavilln]
1641 1700 1685 1734 101

982 1758 1046 1794 est,
1060 1752 1216 1786 incendio
1232 1751 1471 1784 Phaethontis.

1024 1807 1089 1836 222
1113 1804 1291 1835 Nilaclum
1305 1802 1369 1844 esi]
1399 1803 1494 1836 Nihil
1518 1803 1584 1835 boc
1605 1812 1686 1845 pro-

981 1854 1048 1887 fuit
1058 1854 1101 1887 ad
1114 1853 1387 1886 emendationem
1402 1853 1685 1895 hominum,quod

982 1911 1075 1939 totus
1091 1905 1237 1938 mundus
1253 1908 1348 1937 ustus
1366 1908 1424 1936 est
1446 1913 1466 1936 a
1487 1903 1684 1936 Phaethon-

982 1961 1039 1990 te:
1064 1956 1153 2000 quod
1181 1956 1240 1988 Dii
1261 1965 1328 1988 non
1355 1954 1599 1997 permiserunt,
1618 1954 1687 1987 nisi

982 2008 1134 2050 graviter
1149 2007 1228 2039 irati
1249 2005 1464 2039 mortalibus.
1511 2005 1621 2047 Neque
1638 2009 1687 2042 tu,

982 2059 1054 2101 mn]
1084 2059 1169 2091 Vult
1193 2058 1311 2090 dicere
1337 2057 1439 2089 etiam
1465 2056 1593 2089 diluvio
1617 2065 1687 2089 non

983 2109 1181 2144 emendatos
1206 2109 1373 2142 homines.
1420 2107 1483 2148 Tu]
1510 2108 1688 2149 Neptune,

983 2160 1139 2204 sequenti
1169 2160 1259 2192 enim
1290 2168 1404 2197 versu,
1428 2166 1591 2198 germane,
1620 2161 1687 2189 est.

983 2212 1168 2253 Neptunus
1178 2210 1267 2242 enim
1279 2214 1355 2242 erat
1366 2208 1476 2241 frater
1487 2207 1596 2242 Jovis.
1623 2206 1688 2241 Va-

983 2263 1048 2294 lida
1068 2261 1207 2303 cuspide]
1227 2259 1426 2292 Tridentem
1446 2258 1568 2298 innuit,
1583 2257 1689 2300 insig-

984 2323 1028 2346 ne
1054 2311 1222 2355 Neptuni.
1272 2310 1399 2352 Valida]
1432 2309 1526 2342 Hine
1551 2309 1688 2350 Neptu·

986 2374 1050 2396 nus
1063 2361 1286 2402 Ἐννοσίγαιος,
1303 2360 1354 2392 nal
1370 2359 1539 2401 Σεισίχθην
1557 2359 1688 2399 dictus,

987 2415 1022 2447 id
1038 2418 1102 2455 est,
1113 2418 1230 2446 terram
1242 2413 1431 2445 concutiens.

1029 2468 1092 2497 22³
1115 2465 1170 2496 Ire
1180 2473 1239 2506 per
1249 2461 1412 2502 illicitum]
1443 2459 1485 2492 Id
1502 2462 1568 2499 est,
1581 2468 1687 2501 snpra

986 2519 1127 2555 terram,
1139 2513 1229 2556 quod
1242 2513 1291 2544 illi
1306 2513 1381 2553 lege
1392 2511 1573 2543 creationis
1585 2510 1691 2543 inter·

986 2567 1118 2598 dictum
1132 2569 1196 2597 est.
1242 2561 1380 2603 Pelago]
1409 2561 1580 2602 Intelligit
1599 2560 1690 2593 diln-

987 2617 1076 2648 vium
1087 2615 1171 2647 illud
1187 2615 1221 2646 in
1228 2613 1404 2646 Thessalia
1414 2610 1689 2652 celeberrimum,

986 2673 1024 2700 et
1051 2677 1071 2699 a
1098 2665 1217 2698 Poetis
1242 2665 1471 2702 decantatum,
1495 2662 1689 2704 praecipue-

987 2727 1054 2761 que
1066 2717 1110 2750 ab
1122 2716 1247 2750 Oviclio
1258 2714 1483 2755 descriptum,
1494 2711 1584 2754 quod
1597 2711 1689 2744 Deu-

989 2769 1130 2802 calionis
1151 2767 1291 2807 dicitur,
1318 2765 1398 2808 quia
1423 2763 1614 2797 Deucalion
1639 2759 1690 2797 ihi
