1820 3068
235 229 323 272 ¹722
737 236 781 267 P.
814 234 1008 268 nemu
1044 234 1213 268 s'rArn

237 334 467 385 Cominus,
488 334 534 375 et
551 330 669 376 vivis
689 333 904 375 certantia
921 333 1120 376 vultibus
1141 344 1243 375 aera.

235 404 428 446 Tantum
447 413 571 443 ausae
592 400 784 454 perferre
805 414 985 443 manus:
1016 404 1140 454 pater
1159 400 1260 454 ipse
1279 398 1472 442 bicornis

235 471 290 513 In
310 472 475 512 laevum
497 480 640 523 prona
657 469 790 511 nixus
812 469 936 510 sedet
957 467 1151 509 Inachus
1172 479 1298 509 urna.

237 539 378 581 Hunc
398 537 506 590 tegit
525 536 762 591 Iasiusque
783 548 934 586 senex,
953 533 1251 589 placidusque
1270 534 1549 586 Phoroneus,

238 666 329 699 Licet
350 667 480 707 propius
492 666 630 708 aspicere
643 666 800 707 imagines
813 665 978 705 maiorum,
1000 667 1032 696 et
1052 674 1156 697 oeneas
1177 668 1301 698 statim-⁹
1313 665 1417 698 vnum
1431 665 1510 698 mire
1523 663 1700 706 exprimen-

237 713 298 741 tes.
346 709 482 741 Tantum
495 710 593 741 ‹1002ae
607 719 716 742 manus
731 711 911 742 excelluere.
955 708 1027 748 Ipse
1038 711 1131 748 pater
1145 708 1281 740 Inachus
1297 708 1431 741 bicornis
1451 709 1546 740 nixus
1560 708 1594 739 in
1618 708 1703 739 lam

236 752 401 784 sinistrum
414 754 501 785 sedet
516 762 597 784 urna
609 752 772 786 inclinata.
817 752 916 784 Hunc
930 752 1089 791 longevus
1104 750 1208 783 Iasius
1221 752 1348 794 occulit,
1368 755 1400 784 et
1417 750 1567 793 pacificus
1580 750 1702 783 Phoro-

852 847 911 859 000
915 846 1012 859 '0000
1015 845 1052 858 Ἰ
1055 846 1094 859 00

239 906 357 947 purior
382 906 442 939 illa
465 908 595 940 locutio
610 908 765 942 evincit!
786 910 1016 942 Barth—21⁷
1040 909 1051 927 ‘
1077 908 1178 940 Hanc
1201 907 1407 949 scripturam
1428 903 1584 947 agnoscit
1598 903 1704 936 Luta·

239 949 310 982 tius
325 959 334 987 3
359 950 515 990 agnoscit
530 951 639 985 etiam
651 956 819 992 praestans
845 953 903 984 ine
927 952 1050 988 codex,
1068 952 1211 992 glossam
1228 950 1395 992 adjiciens
1413 961 1422 980 ι
1444 949 1454 967 ‘
1467 949 1614 980 Tantum
1631 950 1704 977 stu-

240 991 391 1024 duerunt
419 991 559 1025 efficere
593 1004 712 1027 manus
739 994 953 1028 artificum.”
987 995 1086 1026 Idem.
1132 994 1188 1025 lta
1216 1002 1351 1035 quoque
1382 993 1538 1024 Petrens.
1566 987 1705 1021 Taurin.

240 1034 360 1067 Burm.
377 1039 414 1067 et
429 1036 515 1067 Exc.
541 1036 686 1069 cantab.
708 1047 784 1070 cum
808 1039 887 1070 edd.
911 1036 1058 1069 Amstel.
1083 1036 1236 1068 Gronov.
1251 1035 1370 1067 Barth.
1384 1035 1495 1066 Veen.
1516 1036 1554 1064 et
1576 1031 1703 1080 Delph.

238 1077 382 1118 proferre
405 1078 486 1110 Put.
502 1079 623 1111 Petav.
637 1080 760 1111 Behot.
775 1081 927 1123 Lipsiau.
951 1081 1053 1112 Laur.
1070 1080 1178 1120 Lang.
1196 1078 1299 1110 Aldd.
1319 1077 1430 1110 Colin.
1448 1075 1580 1117 Gryph.
1596 1073 1704 1105 Basil.

240 1120 360 1152 Plant.
375 1120 535 1154 Grasser.
547 1121 691 1156 Gevart.
705 1124 935 1162 Lindenbrog.
951 1127 988 1154 et
1004 1123 1109 1155 Cruc.
1122 1126 1158 1153 et
1170 1121 1219 1152 sic
1234 1119 1454 1152 scribendum
1466 1119 1571 1151 docet
1587 1115 1706 1148 Mark-

241 1163 364 1195 landus
381 1163 424 1195 ad
438 1164 534 1206 Sylv.
550 1174 585 1198 v.
601 1167 632 1197 3.
649 1168 725 1198 132.
748 1166 901 1208 praeserre
916 1166 1009 1198 Dan.
1023 1170 1060 1196 et
1082 1163 1216 1197 Buslid.
1230 1163 1321 1196 Vide
1338 1161 1382 1195 ad
1402 1161 1530 1195 Tibull.
1545 1169 1605 1193 111.
1627 1162 1657 1192 1.
1673 1160 1706 1191 1.

902 1251 935 1284 N
941 1249 1049 1283 OTAE

243 1322 382 1345 morea:
407 1314 561 1355 expressi
577 1324 657 1347 cera
678 1316 792 1349 vultus
807 1316 950 1359 singulis

244 1362 520 1404 disponebantur
556 1366 725 1404 armariis,
759 1370 799 1399 ut
835 1372 951 1400 essent

239 1414 421 1455 imagines,
433 1423 508 1456 quae
520 1415 769 1448 comitarentur
778 1417 951 1457 gentilitia

242 1464 388 1505 funera;
413 1475 620 1508 semperque
642 1467 810 1501 defuncto
833 1470 950 1512 aliquo

243 1521 338 1549 totus
353 1517 475 1550 aderat
484 1516 623 1550 familiae
633 1519 720 1560 ejus,
731 1520 789 1562 qui
801 1529 950 1562 unquam

244 1566 371 1607 fuerat,
406 1568 578 1609 populus:
602 1573 785 1602 stemmata
805 1580 887 1603 vero
911 1571 950 1603 li-

244 1618 320 1650 neis
335 1618 572 1651 discurrebant
587 1619 630 1651 ad
643 1621 811 1662 imagines
827 1621 949 1663 pictas.

244 1669 390 1701 Tablina
417 1669 593 1701 codicibus
630 1670 878 1712 implebantur,
913 1675 952 1704 et

243 1719 474 1751 monumentis
520 1729 631 1752 rerum
674 1721 710 1752 in
747 1722 950 1763 magistratu

246 1768 446 1811 gestarum!
476 1769 585 1801 Porro
599 1771 771 1812 ejusmodi
786 1771 951 1814 majorum

246 1819 413 1861 imagines
440 1829 518 1851 cum
549 1820 658 1852 titulis
683 1821 752 1853 suis
780 1822 815 1854 in
841 1822 951 1864 prima

246 1875 348 1912 parte
361 1870 485 1902 aedium
498 1870 766 1914 collocabantur,
780 1876 820 1904 ut
835 1876 950 1914 poste-

246 1921 276 1952 ri
288 1930 405 1952 eorum
419 1920 564 1952 virtutes
579 1929 645 1952 nou
659 1922 766 1953 solum
780 1922 950 1964 legerent,

246 1970 307 2002 sed
332 1970 436 2002 etiam
459 1974 690 2012 sequerentur
711 1981 751 2004 ac
779 1972 952 2005 imitaren-

248 2025 320 2061 tur,
358 2025 398 2053 ut
429 2021 537 2052 tradit
573 2021 730 2054 Valerius
768 2023 953 2057 Maximus.

248 2071 331 2104 Non
361 2074 476 2102 autem
505 2071 660 2103 omnibus
689 2072 872 2114 imaginem
899 2074 952 2106 sui

247 2121 545 2163 ponere-licebat,
573 2122 634 2154 sed
670 2121 713 2154 iis
738 2126 873 2155 tantum
895 2125 953 2166 qui

250 2173 476 2214 magistratus
493 2172 631 2205 curules
650 2177 846 2214 gesserant:
871 2184 952 2217 qua-

248 2224 299 2256 les
321 2223 462 2255 fuerunt
477 2222 597 2255 aediles
610 2223 757 2266 curules,
770 2227 952 2267 praetores,

250 2283 421 2313 censores,
439 2277 475 2305 et
490 2274 661 2305 consules.

294 2326 360 2356 216
382 2325 429 2356 Et
447 2323 530 2355 vivis
549 2323 705 2355 certantia
718 2323 859 2356 vultibus
871 2323 953 2365 «ει-α]

249 2374 418 2416 Virgilius
446 2373 580 2406 AEneid.
602 2382 654 2406 vn.
686 2374 697 2391 ‘
711 2374 758 2406 Et
783 2375 877 2406 vivos
892 2375 952 2407 du-

251 2430 334 2458 cent
359 2425 404 2457 de
431 2433 600 2456 marmore
626 2425 764 2457 vultus:
806 2426 955 2458 Bernar-

251 2477 320 2508 tius
336 2476 372 2507 in
398 2474 542 2507 Omissis
567 2474 720 2506 ultimam
746 2484 866 2507 vocem
889 2486 956 2509 oera

251 2525 417 2558 reformat
442 2525 478 2556 in
495 2534 563 2564 ora,
579 2533 622 2555 ex
636 2524 765 2566 Lipsio‚
779 2525 838 2567 qui
849 2530 956 2567 negat

251 2576 356 2607 ullam
373 2575 408 2607 in
435 2574 532 2606 atriis
552 2573 627 2605 fieri
641 2574 718 2606 aeris
731 2575 953 2608 mentionem.

251 2626 321 2657 Sed
338 2629 434 2657 certe
448 2624 560 2656 locum
583 2623 673 2657 hunc
694 2634 762 2657 non
783 2627 955 2658 examina-

253 2677 306 2708 vit
333 2675 489 2708 eruditus
519 2675 700 2716 interpres.
750 2677 836 2708 Mox
865 2677 956 2709 enim

253 2726 460 2758 describitur
483 2725 630 2757 Inachus
656 2726 804 2758 bicornis
833 2727 957 2759 sedens

257 2781 293 2810 et
309 2777 408 2808 nixus
427 2785 532 2818 prona
545 2785 640 2809 urna.
671 2776 780 2820 Atqui
791 2777 826 2810 id
839 2778 958 2810 absur-

1005 1314 1086 1347 dum
1101 1318 1157 1347 est
1183 1314 1300 1347 dicere
1329 1314 1373 1346 de
1403 1311 1607 1354 imaginibus
1634 1310 1703 1342 illis

1004 1365 1128 1404 cereis,
1143 1374 1218 1406 quae
1234 1364 1392 1396 nimirum
1407 1363 1522 1395 vultus
1537 1361 1708 1394 duntaxat

1005 1415 1260 1457 exprimebant,
1286 1419 1328 1447 ut
1353 1424 1396 1446 ex
1422 1413 1539 1446 Plinio
1555 1415 1705 1451 constat,

1003 1465 1082 1497 loco
1112 1475 1216 1507 supra
1243 1465 1408 1497 laudato:
1439 1473 1585 1505 cumque
1612 1462 1706 1494 idern

1004 1515 1134 1548 scribat
1149 1516 1232 1548 alias
1248 1516 1341 1548 circa
1358 1515 1478 1548 limina
1488 1513 1596 1546 fuisse
1621 1513 1706 1545 ima-

1003 1565 1100 1606 gines
1125 1574 1170 1597 ex
1195 1564 1357 1598 solidiore
1371 1564 1528 1605 materia,
1543 1563 1647 1606 idque
1662 1572 1708 1595 ex

1003 1615 1151 1657 Virgilio
1177 1624 1294 1657 supra,
1316 1614 1399 1657 quid
1419 1617 1518 1646 vetat
1541 1613 1577 1646 in
1610 1612 1708 1645 atriis

1004 1668 1174 1700 collocare
1198 1671 1332 1699 statuas
1358 1677 1402 1700 ex
1426 1676 1501 1704 oere,
1523 1675 1593 1708 quo
1621 1664 1708 1697 nibil

1003 1716 1077 1750 fere
1089 1717 1285 1759 perennius,
1296 1720 1356 1749 aut
1364 1717 1407 1748 ad
1415 1715 1613 1749 memoriam
1628 1724 1708 1756 pos-

1005 1768 1158 1800 teritatis
1173 1768 1313 1810 aptius?
1357 1769 1488 1802 Firmat
1503 1771 1620 1799 autem
1633 1766 1705 1799 lec-

1004 1818 1130 1851 tionem
1146 1819 1248 1860 hanc,
1271 1827 1350 1859 ara,
1373 1818 1518 1850 Ovidius
1542 1817 1637 1849 Fast.
1654 1824 1708 1848 vr.

1002 1868 1184 1900 ‘Vidimus
1214 1873 1351 1901 ornatos
1390 1873 1500 1900 oerata
1530 1877 1594 1909 per
1618 1866 1709 1899 atria

1005 1919 1100 1962 picta
1124 1919 1234 1951 Veste
1256 1918 1481 1960 triumphales
1510 1917 1708 1950 occubuisse

1005 1969 1129 2002 senes!
1171 1969 1239 2001 Sed
1262 1968 1416 2002 correxit
1438 1967 1545 2000 etiam
1559 1965 1709 2009 Lipsius,

1007 2023 1044 2052 et
1065 2019 1151 2061 legit
1178 2023 1297 2051 cerata.
1338 2017 1430 2050 Vide
1455 2027 1534 2051 eum
1555 2017 1708 2050 Electa.

1005 2080 1082 2111 cap.
1106 2072 1159 2102 29.
1184 2069 1243 2102 ubi
1255 2078 1386 2102 morem
1401 2069 1504 2110 hunc,
1519 2076 1621 2114 quem
1636 2071 1711 2099 tan-

1006 2120 1057 2163 git
1070 2120 1126 2152 hic
1142 2119 1329 2161 Papinius,
1344 2118 1420 2151 fuse
1434 2116 1601 2159 explicat.

1047 2172 1113 2203 217
1149 2169 1262 2212 Ausoe]
1300 2167 1501 2208 ‘Audacesf
1540 2167 1709 2209 pictores,

1007 2222 1283 2263 sculptoresque,
1295 2229 1336 2252 ac
1347 2222 1505 2261 cognatas
1515 2222 1620 2259 artes,
1629 2226 1710 2260 ope-

1007 2282 1112 2314 raque
1123 2281 1240 2304 eorum
1263 2272 1273 2290 ‘
1284 2269 1459 2312 improba'
1472 2274 1510 2302 et
1523 2270 1534 2288 ‘
1546 2268 1712 2302 audacia'

1007 2322 1183 2360 dicuntur,
1195 2325 1317 2362 utpote
1331 2325 1464 2352 naturae
1476 2320 1611 2352 aemula.
1641 2319 1710 2351 Pa-

1008 2377 1057 2405 ter
1069 2372 1135 2413 ipse
1150 2370 1285 2403 bicornis
1297 2370 1342 2410 1²².
1363 2370 1475 2402 levum
1496 2379 1594 2411 prona
1614 2370 1711 2401 nixu·

1007 2424 1094 2455 sedet
1118 2421 1254 2454 Inachus
1277 2419 1373 2461 ama]
1395 2419 1554 2460 Inachus,
1579 2418 1709 2460 primus

1009 2485 1072 2507 rex
1098 2473 1284 2516 Argorum,
1308 2473 1344 2505 in
1359 2471 1485 2505 flumen
1500 2472 1552 2504 sni
1567 2471 1709 2504 nominis

1008 2529 1162 2558 mutatus
1175 2524 1315 2556 dicitur.
1359 2521 1712 2564 Repraesentabautur

1009 2579 1123 2608 antem
1149 2574 1245 2607 fluvii
1271 2571 1498 2613 tauriformes,
1525 2570 1635 2613 (unde
1663 2571 1710 2602 bi-

1007 2624 1140 2667 comm)
1158 2629 1195 2657 et
1216 2623 1326 2655 innixi
1350 2622 1446 2655 urnis
1472 2620 1710 2653 emittentibus

1008 2684 1143 2717 aquam.
1186 2674 1351 2716 Virgilius
1366 2671 1500 2704 AEneid.
1516 2680 1585 2703 vn.
1607 2671 1617 2689 ⁸
1634 2671 1710 2703 Cai-

1008 2726 1148 2767 lataque
1174 2733 1308 2757 amnem
1333 2721 1479 2756 fundens
1506 2726 1607 2764 pater
1631 2719 1712 2753 Ina·

1011 2776 1094 2809 chus
1109 2774 1218 2808 urna?
