1820 3068
201 177 318 220 1106

706 188 746 218 P.
777 185 972 218 PAP1N11
1006 187 1185 219 STA'rlr·

200 283 407 327 Palmam
428 286 575 325 autem
589 282 762 334 dextra,
777 283 982 338 laevaque
1000 285 1186 326 nitentia
1205 284 1324 326 dono
1400 291 1403 293 ’
1580 284 1669 326 905

200 351 341 394 Arma
361 352 502 393 ferens
522 350 728 406 Tydeus:
763 350 886 402 Quid
906 352 944 392 si
966 343 1057 392 non
1076 353 1307 405 sanguinis
1324 352 1455 408 hujils

199 419 383 461 Partem
397 419 517 461 haud
534 419 743 473 exiguam
764 418 934 474 (scitis)
954 420 1160 462 Dircaeus
1179 420 1361 463 haberet

199 486 429 541 Campus?
462 487 538 528 ubi
559 486 631 529 hae
653 500 795 542 nuper
814 487 1068 528 Thebarum
1087 487 1260 530 foedera
1277 489 1425 543 plagae
1441 490 1461 531 ‘l

200 555 320 597 Haec
340 554 474 596 simul
494 559 744 607 ostentans,
767 555 1046 610 quaesitaque
1062 556 1248 610 praemia
1261 557 1444 599 laudum

200 624 294 665 Dat
313 623 476 664 sociis:
507 623 707 677 sequitur
725 623 952 676 neglectus
969 622 1162 678 Agyllea
1179 624 1352 667 thorax.
1576 623 1664 666 910
1699 611 1701 613 ’

199 692 314 733 Sunt
333 694 377 732 et
396 691 474 745 qui
494 690 616 732 nudo
636 691 820 732 subeant
840 703 1100 732 concurrere
1118 691 1249 734 ferro.

197 759 392 813 Jamque
410 758 596 800 aderant
615 758 817 800 instructi
838 759 972 800 armis
993 759 1267 813 Epidaurius
1286 758 1477 812 Agreus,

200 826 258 867 Et
273 826 466 868 nondum
486 826 591 868 fatis
614 826 818 868 Dircaeus
839 827 1072 880 agentibus
1091 827 1214 870 exul.

204 893 308 935 Dux
327 898 450 935 vetat
470 893 673 936 Iasides:
706 893 862 936 Manet
881 894 1033 947 ingens
1050 894 1188 948 copia
1206 893 1301 944 leti,

198 960 238 1002 Ο
250 961 471 1015 juvenes:
505 965 682 1003 servate
702 961 887 1010 animos,
910 961 1178 1016 avidumque
1195 962 1385 1003 furorem
1575 961 1662 1004 915

197 1028 432 1082 Sanguinis
453 1030 624 1073 adversi
641 1043 652 1072 :
683 1035 822 1084 tuque
841 1043 884 1079 o,
906 1043 1035 1083 quem
1055 1035 1232 1084 propter
1251 1030 1376 1071 avita

195 1095 224 1138 J
230 1109 378 1149 ugera,
398 1097 583 1139 dilectas
604 1098 678 1139 cui
699 1098 996 1139 desolavimus
1014 1099 1164 1148 urbes,

195 1163 285 1213 Ne,
307 1177 479 1219 precor,
501 1171 605 1207 ante
626 1166 784 1220 aciem,
799 1165 874 1219 jus
894 1169 1061 1207 tantum
1083 1166 1263 1206 casibus
1282 1177 1395 1214 esse,

194 1229 504 1287 Fraternisque
524 1233 646 1274 sinas
665 1232 866 1288 (abigant
885 1232 972 1274 hoc
994 1233 1175 1274 numina
1188 1230 1222 1287 !)
1239 1233 1373 1274 votis.

193 1298 268 1341 Sic
288 1299 377 1342 ait:
408 1305 542 1355 atque
563 1302 718 1342 ambos
739 1303 895 1342 aurata
914 1299 1092 1341 casside
1112 1299 1243 1342 ditat.
1572 1297 1660 1342 920

191 1424 254 1453 tem
272 1423 402 1461 portans
416 1423 531 1454 dextra
543 1424 680 1464 palmum
693 1426 725 1454 et
735 1418 865 1453 sin'istra
878 1431 967 1453 arma
978 1421 1143 1461 fulgentia
1160 1421 1228 1454 ait.-
1255 1420 1343 1457 Quia
1361 1420 1390 1451 n·
1403 1430 1481 1460 ager·
1495 1419 1654 1460 Dircoeus,

191 1463 244 1505 (ut
255 1463 372 1505 scitis)
388 1465 441 1496 ubi
455 1466 522 1496 haec
530 1475 627 1506 nuper
641 1466 744 1506 accepi
758 1465 884 1496 vulnera
890 1464 1024 1503 soeden‘s
1042 1464 1191 1502 Thebani,
1205 1474 1267 1496 non
1282 1463 1474 1495 exhausisset
1488 1463 1572 1494 haud
1582 1472 1656 1503 pur·

189 1516 261 1537 vum
272 1510 395 1547 partem
409 1508 534 1547 hujusce
547 1509 731 1548 sanguinis?
775 1507 858 1538 Haec
871 1507 965 1538 simul
989 1510 1176 1546 monstrans,
1198 1511 1230 1539 et
1258 1507 1313 1538 dat
1335 1506 1500 1538 conatibus
1519 1504 1656 1544 ferendo

190 1549 318 1580 laudum
331 1550 485 1591 insignia,
508 1560 578 1592 quoe
592 1554 702 1582 nactus
717 1553 796 1582 erat.
842 1551 995 1591 Agylleus
1009 1551 1143 1581 donatur
1156 1550 1214 1581 vili
1228 1549 1336 1581 lon‘oa.
1380 1547 1465 1581 Sunt
1477 1551 1508 1581 et
1522 1547 1579 1590 qui
1601 1547 1653 1580 ἰκ-

187 1601 223 1631 gr
232 1592 380 1623 ediuntur
403 1604 543 1633 campum
567 1593 719 1626 certaturi
746 1592 839 1624 nudis
864 1592 997 1624 ensibus.
1041 1593 1176 1632 Jamque
1203 1591 1300 1623 armis
1320 1592 1435 1623 muniti
1456 1590 1658 1633 prosilierant

188 1634 316 1673 Agreus
337 1635 537 1675 Epidaurius,
554 1639 585 1667 et
597 1636 748 1676 profugus
764 1636 796 1667 T
793 1635 940 1673 hebemus,
945 1635 1031 1674 sutis
1044 1637 1179 1666 nondum
1194 1634 1430 1675 impellentibus.
1474 1634 1549 1665 Rex
1574 1634 1656 1666 Im·-

188 1678 242 1708 des
266 1677 406 1716 prohibet
420 1689 430 1709 .-
454 1678 604 1719 Superest
620 1688 735 1717 magna
749 1678 837 1718 copia
849 1678 970 1714 mortis,
983 1688 1000 1708 ο
1007 1678 1141 1716 juvenes
1150 1688 1161 1708 .·
1183 1678 1314 1709 retinete
1335 1677 1466 1716 animos,
1478 1676 1654 1716 rabiemque

188 1718 363 1750 inhiantem
382 1721 491 1752 lwstili
515 1721 629 1753 cruori.
676 1721 719 1752 Et
735 1724 782 1759 tu,
804 1723 930 1761 propter
952 1731 1038 1761 quem
1059 1720 1180 1761 patrios
1204 1729 1326 1761 campos
1348 1722 1382 1751 et
1400 1729 1490 1751 eurus
1506 1719 1654 1751 civitatee

189 1762 398 1799 exhausimus,
411 1773 460 1799 ue,
475 1774 541 1803 oro,
550 1764 718 1804 permittas
731 1767 806 1794 ante
822 1772 962 1807 pugnum
978 1767 1100 1795 tuntum
1111 1762 1279 1803 potestatis
1293 1772 1359 1793 esse
1360 1763 1505 1801 sartum
1519 1772 1557 1794 uc
1567 1761 1654 1792 *notin

181 1803 322 1842 fratris.-
336 1809 482 1838 auertant
493 1805 549 1837 hoc
563 1805 700 1846 Superi!
715 1806 774 1838 Sic
788 1805 903 1846 inquit,
914 1809 946 1837 et
961 1809 1126 1847 utrumque
1139 1806 1235 1837 donat
1247 1808 1360 1837 aurata
1371 1806 1476 1845 galee.
1507 1804 1651 1846 Tuumne

806 1888 1044 1902 ”eece-evuco

188 1956 292 1984 teum
306 1954 455 1993 optimus
472 1955 801 1987 numianus—908
824 1954 928 1987 Aldd.
941 1956 1052 1987 Colin.
1069 1956 1203 1996 Gryph.
1220 1959 1255 1986 et
1271 1954 1379 1986 Basil.
1394 1954 1447 1986 ubi
1462 1955 1528 1985 hoec
1542 1962 1653 1992 nuper.

187 1998 294 2027 —911
321 1996 361 2027 ln
376 1997 576 2038 quibusdam
592 1997 692 2030 codd.
702 1997 956 2037 iubenum—916
976 1998 1149 2038 Sanguinis
1170 1997 1274 2030 aversi
1286 1998 1430 2029 Venett.
1445 1999 1476 2028 3.
1493 1999 1526 2028 4.
1549 1995 1653 2027 Aldu.

189 2038 300 2070 Coliu.
329 2038 463 2080 Gryph.
493 2044 531 2072 et
557 2040 665 2072 Basil.
695 2041 840 2072 mutavit
873 2041 1073 2073 Bernartius
1104 2050 1148 2073 ex
1178 2041 1389 2073 eodm—92⁰
1413 2039 1465 2071 sic
1488 2039 1536 2070 ait
1562 2040 1657 2078 utque

846 2125 987 2158 NOTAE

231 2189 296 2219 906
313 2187 399 2223 Quia
412 2188 443 2220 si
457 2198 518 2220 non
529 2189 695 2229 sanguinis
706 2189 808 2230 hujus,
822 2189 896 2230 Sym]

188 2231 299 2269 Notat
319 2237 459 2272 insidias
481 2249 564 2281 quas
580 2240 629 2271 illi
646 2240 898 2282 quinquaginta

187 2288 251 2319 sibi
282 2292 493 2329 struxerant,
515 2290 609 2322 ‘suis
639 2300 724 2332 quas
744 2291 835 2322 ultus
862 2291 896 2321 in

188 2339 289 2370 armis
316 2339 414 2371 erat!
459 2340 547 2372 Vide
577 2339 681 2372 finem
718 2341 827 2373 Theb.
854 2349 895 2373 11.

228 2393 292 2422 907
316 2390 480 2431 DIrcoeus]
502 2391 700 2424 Thebanus.

228 2443 295 2472 909
321 2441 459 2473 Praemia
488 2443 628 2484 laudum]
653 2442 695 2474 Id
719 2446 786 2483 est,
801 2441 893 2474 unde

187 2495 240 2523 tot
256 2490 374 2522 laudes
388 2492 433 2523 illi
445 2493 701 2534 contingebant.

229 2546 294 2576 910
320 2544 391 2575 Dat
415 2544 523 2585 sociis]
560 2545 719 2578 Ferenda
749 2545 891 2585 scilicet.

186 2594 351 2636 Sequitur]
376 2595 588 2627 Conceditur
603 2595 789 2636 illi‚datur.
812 2595 891 2627 Vir-

187 2645 244 2685 gil.
276 2645 350 2678 IEn.
374 2654 426 2677 xi.
471 2648 480 2664 ‘
499 2646 574 2678 Nec
601 2656 707 2688 parva
729 2651 892 2688 sequetur

187 2694 307 2726 Gloria
323 2695 476 2728 delectos
492 2696 592 2727 Latio
608 2700 644 2728 et
659 2695 893 2728 Laurentibus

952 2185 1042 2222 datis
1060 2189 1184 2221 nullius
1200 2188 1304 2231 pretii
1331 2187 1519 2228 habendus,
1536 2187 1591 2221 vel
1606 2186 1654 2218 vi·

952 2242 992 2272 lis
1006 2245 1042 2272 et
1058 2245 1165 2272 vetus.

994 2294 1057 2323 913
1083 2291 1227 2322 Dircaeus
1239 2288 1328 2330 exul]
1352 2289 1552 2330 Polynices.

993 2344 1057 2373 914
1074 2341 1210 2381 Iasides]
1227 2339 1408 2376 Adrastus,
1419 2339 1461 2370 ab
1478 2339 1556 2371 Iaso
1571 2347 1653 2381 rege

951 2393 1156 2434 Argivorum
1172 2391 1221 2423 sic
1236 2390 1360 2422 dictus.

989 2445 1053 2476 916
1079 2442 1201 2484 Tuque]
1250 2440 1449 2484 Polynieem
1490 2449 1651 2482 generum

948 2494 1146 2535 alloquitur.

989 2546 1052 2576 917
1078 2543 1318 2584 Desolavimus]
1342 2542 1352 2559 ‘
1366 2538 1559 2580 Desolata:
1570 2549 1650 2581 spo·

946 2593 1044 2633 liare,
1070 2592 1281 2635 frequenter.
1323 2592 1446 2634 virgil.
1479 2591 1491 2609 ‘
1506 2590 1569 2621 Sat
1598 2587 1649 2621 fu-

946 2654 1028 2676 nera
1043 2643 1112 2675 fusi
1127 2644 1295 2685 Vidimus,
1316 2643 1472 2684 ingentes
1499 2644 1536 2672 et
1551 2639 1647 2672 deso-

946 2694 1087 2728 lavimus
1100 2693 1223 2737 agros?

186 2746 297 2779 arvis!
347 2748 530 2789 Negla-tus]
553 2749 634 2781 Prae
656 2748 753 2781 donis
774 2747 893 2791 Tydeo
943 2789 947 2793 Α

1807 3062 1820 3068 ι’
1807 2945 1820 3051 Slus-na..-
1814 2916 1820 2933 -.
1815 2861 1820 2906 ,.„..›.
