1820 3068
185 175 273 219 600

187 280 316 324 Bella
335 279 365 322 J
369 279 480 321 ovis.

674 179 724 211 Ῥ.
757 180 950 211 ΡΑΡΙΝΙΙ
984 179 1150 211 STA'i-‘u

539 277 695 331 Tuque
715 290 744 318 o
763 276 906 318 Latiae
926 276 1065 319 decus
1086 277 1235 319 addite
1252 275 1400 329 famae,

190 347 335 400 Quem
358 359 476 388 nova
493 347 652 387 maturi
673 345 930 386 subeuntem
950 357 1114 387 exorsa
1131 346 1332 400 parentis

188 416 420 458 AEternum
440 414 524 454 sibi
548 413 695 455 Roma
710 412 868 466 cupit3
898 412 1008 455 licet
1028 413 1190 455 arctior
1211 426 1365 455 omnes

189 483 342 526 Limes
363 485 465 536 agat
485 480 652 531 stellas,
674 484 718 522 et
737 484 781 522 te
801 481 936 535 plaga
953 480 1110 522 lucida
1137 480 1246 522 coeli

1586 480 1646 523 25

190 550 440 601 Pleiadum,
461 550 718 603 Boreaeque,
739 552 784 590 et
802 549 935 591 hiulci
952 548 1150 590 fulminis
1169 560 1332 603 expers

195 679 389 722 Domitiam,
402 681 456 722 qui
469 680 609 720 adjectus
622 689 653 713 es
668 683 883 712 ornamentum
904 679 1020 711 Latino
1035 679 1164 721 nomini,
1186 689 1275 721 quem
1298 679 1398 711 Rmna
1410 678 1472 710 sibi
1486 677 1520 710 in
1538 686 1645 719 perpe-

191 725 279 754 tuum
299 725 452 765 imperare
473 728 572 765 optat,
593 725 803 756 succedentem
825 723 1002 754 novissimis
1024 723 1156 764 inceptis
1188 722 1319 754 senioris
1347 722 1451 764 patris
1463 733 1475 759 ,·
1505 719 1649 762 quamvis

193 770 304 798 cuncta
313 767 416 800 eidem
430 768 613 799 contrahunt
627 777 699 798 suos
699 766 784 808 fines
797 765 855 797 eibi
870 766 1058 807 recipiendo,
1071 776 1108 797 oc
1122 769 1153 797 te
1168 766 1335 798 &auduom
1345 766 1464 797 trucem
1477 763 1548 796 coeli
1556 771 1649 795 exors

198 808 421 852 Vergiliarum,
435 811 611 852 Aquilonis,
625 820 661 842 ac
675 809 772 841 hiulci
778 808 926 848 fulminis
939 809 1072 843 invitet:
1094 812 1124 841 et
1139 809 1170 841 si
1181 809 1246 851 ipse
1259 809 1308 842 sol
1319 809 1492 841 modarator
1500 806 1650 839 velocium

191 958 261 992 Alii
276 960 377 993 codd.
394 970 456 1002 pro
470 961 560 993 annis
571 960 699 993 habent
712 962 910 993 armis—2⁶2
933 961 1030 993 Beue
1041 961 1147 1001 Jonis,
1162 964 1192 993 te

1019 896 1041 908 0

1193 969 1250 1002 que
1263 970 1281 992 o
1293 959 1401 992 Latia
1413 963 1534 992 contro
1546 957 1649 991 codd.

193 1007 229 1035 et
243 1003 322 1036 edd.
339 1013 455 1037 omnes
473 998 577 1037 scribi
586 1004 691 1046 jussit
707 1004 1002 1037 Gronovius-24
1025 1004 1145 1036 Codex
1159 1004 1282 1036 Beliot.
1297 1009 1333 1036 et
1348 1004 1442 1036 Dan.
1465 1012 1542 1035 eum
1570 1000 1652 1034 edd.

851 1077 992 1112 NOTAE

231 1144 271 1174 21
300 1141 455 1184 Defensa]
478 1143 624 1185 Supple,
648 1153 667 1176 a
683 1143 895 1176 Domitiano.

199 1236 202 1240 Δ
234 1194 278 1225 2'2
303 1193 399 1225 Bello
427 1194 533 1236 donis]
559 1194 730 1236 Intelligit
759 1195 898 1236 Capito-

194 1245 290 1284 lium,
306 1245 339 1276 in
357 1245 450 1287 quod
465 1256 502 1278 se
527 1247 660 1288 recepit
684 1246 898 1278 Domitianus

193 1300 268 1326 cum
299 1295 423 1327 ceteris
452 1296 657 1338 Vespasiani
698 1302 816 1338 partes
847 1306 899 1328 se-

194 1345 392 1387 quentibus,
412 1346 571 1389 quodque
595 1345 755 1379 defendit
777 1351 899 1379 contra

194 1399 364 1429 irruentes
383 1397 597 1430 Vitellianos.
631 1398 767 1440 Tuqueo
781 1397 898 1439 Latioe,

194 1447 265 1489 gc]
288 1447 482 1480 Gronovius
505 1449 615 1490 legit:
639 1452 728 1490 teque
742 1448 898 1486 olatiae3

196 1503 234 1542 et
256 1501 288 1530 te
314 1499 578 1541 interpretatur,
607 1505 726 1531 omnes
752 1499 896 1531 virtutes

199 1554 289 1587 tuas,
315 1557 447 1581 omnem
475 1549 758 1590 magnitudinem,
787 1549 901 1582 omnia

199 1599 336 1632 decora.
381 1599 451 1632 sed
469 1600 507 1632 τὸ
523 1605 616 1642 tuque
641 1601 722 1632 mihi
748 1601 901 1632 retinen-

200 1648 282 1682 dum
296 1649 446 1684 videtur.
474 1647 542 1683 Hie
553 1652 642 1684 enim
654 1647 778 1692 incipit
793 1650 904 1682 Poeta

200 1701 326 1743 alloqui
341 1702 588 1741 Domitianum,
603 1711 746 1745 eumque
762 1701 904 1733 adulari.

202 1752 319 1794 Loetioe]
342 1751 519 1795 Romanae,
535 1752 616 1796 quia
629 1754 739 1785 Roma
753 1752 786 1784 in
802 1751 904 1786 Latio

205 1803 272 1835 sita
287 1806 376 1834 erat.

248 1855 290 1885 23
313 1852 455 1895 Motus-i]
477 1851 636 1886 Maturus
666 1857 703 1885 et
732 1853 777 1885 de
807 1852 904 1885 annis

207 1909 244 1937 et
260 1906 303 1938 de
315 1906 426 1938 animo
435 1906 573 1947 dicitur,
586 1905 771 1948 junxitque
787 1905 907 1938 Ovidi-

208 1964 267 1988 nsz
310 1954 463 1988 ‘Animo
493 1961 645 1988 maturus
677 1960 714 1988 et
747 1954 846 1997 aevo‚'
873 1959 910 1987 et

210 2011 393 2048 utrumque
403 2006 446 2038 de
467 2006 676 2048 Vespasiano
695 2005 763 2038 dici
780 2009 910 2048 potest;

210 2066 290 2088 nam
315 2065 420 2089 senex
451 2062 528 2089 erat
550 2063 586 2089 et
615 2054 776 2098 prudens.
822 2057 911 2088 Nova

213 2107 341 2148 exorsa]
362 2107 406 2140 Id
437 2112 504 2148 est,
534 2117 641 2149 opera
666 2107 826 2139 inchoata
850 2116 912 2148 per

214 2161 347 2198 patrem
360 2156 622 2200 Vespasianum,
645 2167 720 2199 quae
744 2157 914 2189 Domitia-

214 2216 278 2239 nus
293 2208 451 2242 absolvit.
475 2208 637 2240 Aurelius
650 2208 794 2247 Victor:
821 2207 911 2239 ‘Do-

215 2257 372 2290 mitianus
395 2258 504 2290 multa
529 2268 635 2300 opera
663 2254 823 2292 inchoata
850 2267 913 2300 per

216 2312 366 2350 patrem,
380 2309 436 2341 vel
450 2309 565 2340 studio
579 2308 712 2349 fratris,
733 2313 837 2351 atque
859 2309 910 2340 in-

217 2360 336 2401 primis
352 2360 559 2402 capitolium
581 2360 750 2392 absolvit:
793 2360 912 2392 Paren-

219 2410 277 2451 tis]
298 2410 517 2453 Vespasiani.

260 2463 303 2492 24
327 2461 443 2502 Romo]
465 2461 572 2493 Roma
586 2464 707 2502 caput,
723 2470 791 2492 non
807 2459 914 2492 solum

218 2510 345 2552 Italiae,
359 2512 419 2543 sed
437 2512 542 2544 totius
558 2508 662 2551 orbis,
676 2510 801 2542 clarior
814 2521 914 2553 quam

219 2565 258 2592 ut
280 2560 405 2592 debeat
419 2561 574 2593 indicari.
616 2558 699 2602 Ejus
715 2559 916 2601 descriptio·

221 2619 299 2642 nem
318 2610 396 2642 vide
408 2612 499 2652 apud
516 2611 664 2643 Plinium
681 2609 740 2643 lib.
758 2618 816 2642 ιιι.
839 2619 916 2652 cap.

219 2664 252 2692 6.
296 2661 383 2692 Licet
397 2661 525 2701 arctior,
538 2661 606 2702 ason]
623 2658 791 2694 Adulatnr
806 2661 916 2693 Poeta

221 2711 462 2752 Domitianum,
477 2716 615 2743 secutus
635 2712 830 2754 exemplum
839 2711 918 2744 Vir-

952 1143 1039 1185 gilii,
1051 1149 1087 1176 et
1104 1142 1245 1176 Lucani.
1289 1140 1379 1176 Haee
1395 1151 1475 1175 vero
1499 1141 1652 1174 adulatio
1719 1160 1729 1173 x

953 1194 1102 1227 babebat
1124 1194 1287 1236 praevinm
1304 1202 1445 1233 morem,
1460 1202 1519 1224 seu
1536 1191 1652 1233 potius

954 1255 1120 1284 errorem,
1133 1255 1200 1287 quo
1217 1245 1443 1286 imperatores
1471 1248 1550 1284 post
1565 1251 1654 1274 mor-

954 1302 1023 1328 tem
1038 1295 1342 1335 consecrabantur,
1367 1303 1408 1326 ac
1423 1294 1458 1325 in
1474 1299 1653 1325 numerum

953 1347 1107 1378 Deorum
1121 1344 1369 1378 referebantur.
1411 1343 1480 1376 Sed
1492 1353 1570 1376 cnm
1584 1342 1654 1376 Po·

953 1397 1019 1429 etae
1051 1407 1104 1429 res
1138 1406 1263 1437 augere
1289 1396 1435 1437 soleant,
1455 1394 1588 1428 addunt
1610 1394 1655 1426 de

953 1458 1026 1487 suo,
1036 1457 1108 1480 esse
1123 1447 1158 1479 in
1178 1446 1322 1480 arbitrio
1338 1447 1544 1488 principum,
1554 1454 1656 1487 quam

953 1499 1068 1530 sedem
1083 1500 1116 1530 in
1144 1498 1251 1539 coelis,
1271 1507 1441 1540 quamque
1464 1496 1582 1528 mnndi
1596 1495 1656 1529 ad-

954 1549 1212 1582 ministrationis
1234 1553 1366 1590 partem
1389 1556 1516 1589 capere
1539 1546 1658 1579 velint.

954 1598 1101 1640 Arctior]
1125 1598 1179 1631 Ad
1194 1603 1229 1631 te
1241 1597 1481 1640 recipiendum
1495 1597 1642 1630 scilicet.

998 1648 1039 1681 25
1063 1645 1167 1689 Plaga
1181 1646 1301 1689 lucida]
1322 1646 1377 1680 An
1400 1647 1565 1679 circulum
1586 1646 1658 1679 lac·

958 1703 1050 1731 teum
1077 1699 1252 1739 inteiligit,
1268 1707 1368 1740 quem
1393 1696 1540 1730 Ovidius
1555 1701 1661 1733 vocat

958 1749 1036 1790 iter,
1049 1759 1116 1791 quo
1131 1748 1245 1789 superi
1261 1747 1303 1779 ad
1319 1748 1443 1781 Jovem
1467 1747 1659 1781 accedunt?

958 1801 1043 1833 Met.
1057 1809 1082 1832 1.
1124 1801 1134 1818 ‘
1146 1801 1208 1832 Est
1224 1799 1278 1830 via
1293 1798 1461 1838 sublimis,
1483 1798 1571 1830 coelo
1588 1807 1657 1831 ma·

959 1851 1085 1883 nifesta
1093 1859 1227 1890 sereno,
1241 1849 1370 1881 nautea
1385 1857 1506 1881 nornen
1533 1847 1660 1889 hahet;

961 1901 1108 1934 candore
1131 1899 1289 1932 notabilis
1303 1898 1389 1941 ipso.
1433 1896 1512 1931 Hac
1527 1899 1594 1931 iter
1607 1903 1662 1933 est

963 1951 1103 1994 Superis
1133 1948 1177 1982 ad
1206 1949 1319 1990 magni
1347 1959 1454 1992 regna
1479 1949 1661 1990 Tonantis,

963 2002 1195 2043 Regaiemque
1211 1999 1371 2032 domum-⁷
1697 1996 1700 1997 ⁷

1007 2055 1050 2085 26
1085 2050 1268 2092 Pleiadum]
1311 2048 1488 2090 Pleiades,
1529 2049 1662 2083 Latinis

965 2103 1139 2144 Vergiliae,
1160 2099 1278 2134 Poetis
1306 2098 1513 2141 Atlantides,
1541 2099 1664 2132 Arabi-

966 2155 1026 2187 bus
1038 2152 1208 2188 Atinatis,
1218 2150 1330 2194 (qimsi
1342 2151 1493 2185 taurinas
1505 2149 1667 2192 dixeris,)

965 2208 1044 2237 sunt
1072 2213 1144 2242 οεΧ,
1169 2202 1222 2234 vel
1246 2201 1359 2243 potius
1388 2206 1521 2243 septem
1542 2199 1667 2242 stelle,

968 2264 1044 2298 quae
1062 2253 1094 2284 in
1123 2252 1233 2284 latere
1265 2249 1368 2282 Tauri
1393 2249 1664 2291 conspiciuntur,

968 2305 1072 2337 dictae
1085 2302 1146 2336 ἀπὸ
1159 2301 1215 2335 τοῦ
1229 2299 1347 2333 πλέειν.
1386 2298 1576 2342 Nicander,
1589 2304 1668 2342 post

968 2365 1046 2389 enni
1067 2353 1256 2390 Vitruvius,
1273 2361 1312 2384 ac
1337 2350 1483 2392 Plinius,
1499 2353 1534 2384 in
1555 2349 1670 2384 canda

967 2406 1085 2447 Tauri,
1096 2405 1315 2446 Hipparchus
1333 2407 1434 2435 extra
1447 2399 1611 2442 Taurum,
1629 2401 1670 2437 iu

969 2457 1105 2489 sinistro
1117 2453 1206 2497 pede
1223 2453 1342 2486 Persei
1358 2457 1558 2494 posuerunt.
1589 2450 1664 2495 Has

970 2508 1004 2538 in
1028 2505 1233 2547 Taprobana
1256 2502 1366 2535 insula
1392 2509 1562 2544 nunquam
1585 2510 1667 2535 cml-

970 2556 1069 2599 spici,
1084 2559 1238 2588 auctores
1261 2557 1339 2585 sunt
1363 2552 1496 2584 Plinius
1521 2557 1556 2584 et
1579 2551 1666 2584 Soli·

968 2617 1053 2640 nus:
1077 2606 1137 2638 sed
1153 2603 1339 2643 falluntnr3
1356 2612 1486 2642 eornm,
1501 2602 1590 2634 enim
1605 2602 1666 2644 qui

968 2657 1209 2700 Taprobanam
1221 2655 1383 2693 incolunt,
1391 2651 1578 2685 verticibus
1588 2661 1666 2694 pro*

971 2718 1016 2751 pe
1030 2707 1219 2741 imminent.
1264 2704 1425 2739 Ceterum
1439 2712 1554 2739 earum
1567 2707 1664 2739 ortus
