1820 3068
198 228 285 270 760

703 240 743 268 P.
779 238 968 268 PAPlNll
1004 237 1171 269 STATH

200 332 408 384 Quatuor
428 332 497 373 hic
518 332 632 373 adeo
653 331 818 387 dejecti,
835 332 951 374 mole
972 333 1055 373 sub
1077 345 1166 374 una

202 401 518 454 Congemuere.

580 399 706 453 Fuga
724 399 1025 452 tremefactum
1047 401 1251 454 protinus
1275 413 1431 453 agmen

207 467 439 509 Excutitur
461 468 652 522 coeptis:
683 481 822 522 neque
842 469 956 509 enim
978 468 1213 510 temnenda
1227 469 1443 523 jacebant

1586 467 1672 509 570

202 535 396 585 Funera,
418 535 657 576 fulmineus
680 535 890 590 Dorylas,
912 549 1044 589 quem
1067 537 1242 589 regibus
1264 537 1422 578 ardens

202 603 431 657 AEquabat
451 603 606 653 virtus,
629 602 881 656 Martisque
903 615 927 645 e
949 603 1119 644 semine
1140 603 1318 645 Theron

200 670 464 724 Terrigenas
488 670 681 711 confisus
703 683 836 711 avos:
866 683 949 711 nec
970 674 1137 713 vertere
1159 670 1369 724 cuiquam

203 737 364 779 Fraena
384 737 604 779 secundus
621 737 786 792 Halys,
808 738 884 779 sed
906 742 1010 781 tunc
1031 739 1171 793 pedes
1189 739 1384 780 occubat
1404 738 1536 791 arvis,

201 805 536 859 Pentheumque
559 805 739 847 trahens
759 806 951 847 nondum
973 812 1017 848 te
1038 806 1297 848 Phaedimus
1322 819 1472 860 aequo,

1586 807 1672 848 575

203 872 400 922 Bacche,
425 883 590 926 genus:
622 886 807 927 quorum
823 878 875 914 ut
897 874 1059 915 subitis
1080 874 1294 917 exterrita
1312 874 1417 916 fatis

201 939 396 993 Agmina
416 940 638 981 turbatam
654 940 766 982 vidit
781 941 935 981 laxare
957 946 1208 993 catervam;

203 1006 320 1058 Quae
342 1007 433 1048 duo
456 1007 555 1048 sola
574 1020 707 1048 manu
728 1011 908 1060 gestans
931 1009 1122 1050 acclinia
1142 1008 1280 1050 monti

204 1075 407 1125 Fixerat,
429 1075 650 1129 intorquet
663 1074 831 1129 jacula,
851 1081 896 1117 et
916 1076 1180 1129 fugientibus
1202 1076 1338 1119 addit.

199 1186 336 1226 pondere
357 1185 589 1226 exfimverunt.
635 1185 753 1217 Statim
770 1186 892 1226 trepida
918 1186 1024 1217 cohors
1039 1185 1126 1227 suga
1151 1187 1275 1227 incepta
1300 1186 1438 1218 deserit:
1461 1196 1558 1227 neque
1588 1186 1671 1217 enim

199 1228 365 1269 spernendi
379 1228 443 1259 viri
457 1227 610 1268 prostrati
625 1232 734 1260 erant.-
758 1229 948 1269 impetuosus
964 1230 1114 1270 Dorylas,
1135 1240 1224 1270 quem
1250 1231 1363 1269 ingens
1377 1229 1537 1267 fortitudo
1564 1238 1672 1269 parem

199 1270 327 1311 regibus
337 1271 475 1309 fecerat,
496 1274 527 1302 et
555 1271 677 1302 Theron
699 1281 715 1302 e
733 1281 848 1310 genere
871 1272 1003 1311 Martis,
1015 1272 1146 1311 jactans
1161 1273 1337 1312 terrigenas
1351 1271 1497 1310 maiores,
1519 1275 1550 1303 et
1567 1272 1672 1313 Halys

201 1313 281 1345 nulli
299 1313 431 1351 inferior
457 1313 492 1344 in
517 1313 664 1353 regendis
688 1313 826 1354 habenis,
848 1316 903 1346 sed
925 1318 999 1346 tunc
1019 1316 1114 1355 pedes
1127 1315 1162 1346 in
1175 1316 1292 1355 campis
1304 1315 1414 1356 periit,
1437 1325 1473 1345 ac
1489 1314 1671 1346 Phoeaims

200 1358 314 1388 ducens
335 1356 490 1395 originem
512 1366 531 1386 a
557 1357 711 1395 Pentheo,
731 1358 868 1388 nondum
894 1360 924 1389 te
948 1358 1081 1397 placato,
1105 1368 1122 1388 ο
1149 1358 1285 1389 Bacche.
1345 1358 1485 1394 Quorum
1508 1357 1671 1397 repentino

201 1399 301 1430 exilio
332 1402 367 1430 ut
393 1399 495 1430 cernit
519 1402 719 1430 consternata
753 1401 883 1438 agmina
906 1401 1063 1440 aperuisse
1088 1401 1230 1431 turbatos
1253 1401 1400 1437 ordina,-
1421 1400 1587 1439 jaculatur
1611 1400 1672 1430 duo

202 1442 334 1483 spicula,
356 1452 424 1483 quae
439 1440 622 1480 solaserens
635 1452 730 1473 mmm
742 1446 899 1483 panxerat
914 1443 949 1474 in
962 1443 1042 1474 clivo
1057 1443 1180 1483 montis,
1195 1447 1226 1475 et
1241 1443 1537 1483 ‹lorsosugientium
1551 1442 1671 1484 infigit.

821 1527 837 1538 e
842 1527 995 1539 “eree“
1000 1527 1015 1539 e
1019 1527 1035 1538 e
1039 1527 1057 1538 e

199 1582 294 1613 simul
308 1591 365 1613 ora
379 1583 665 1622 mannaque—568
688 1581 852 1621 Optimus
868 1582 977 1613 codex
996 1581 1127 1613 Barthii
1141 1593 1149 1613 :
1173 1582 1300 1621 disiecti
1313 1584 1402 1622 mole,
1417 1581 1506 1624 quod
1522 1581 1581 1614 ille
1591 1592 1670 1624 pro·

204 1626 383 1657 bate—571
409 1626 419 1643 ‘
436 1625 477 1656 In
494 1624 729 1656 vetustissimo
746 1623 835 1655 libro
850 1625 998 1666 Corpora,
1023 1626 1258 1666 suprascripto
1279 1626 1339 1657 ino
1357 1625 1508 1666 vulgato,
1533 1625 1672 1658 Funera.

201 1669 286 1699 Eam
302 1668 508 1708 scripturam
525 1677 639 1698 veram
657 1666 764 1707 pnt0.'
779 1667 1002 1699 Barth-573
1030 1668 1217 1708 Terrigenas
1231 1668 1384 1707 confessus
1394 1668 1672 1705 Taurin.,Burm.

203 1711 311 1750 Lang.
328 1711 429 1742 Laut.
443 1709 574 1742 Buslid.
587 1710 740 1750 Lipsian.
758 1710 848 1741 Dan.
865 1710 948 1741 Pnt.
963 1710 1088 1742 Petav.
1106 1711 1230 1743 Behot.
1250 1714 1279 1742 1.
1298 1710 1402 1742 Aldd.
1416 1710 1523 1746 Coliu.
1535 1710 1671 1752 Gryph.

203 1754 311 1786 Basil.
336 1754 449 1785 Plant.
471 1753 617 1784 Gevart.
645 1752 877 1793 Lindenbrog.
901 1753 1002 1784 Cruc.
1025 1753 1181 1785 Grasser.
1196 1759 1233 1785 et
1258 1752 1404 1784 Amstei.
1426 1763 1480 1784 con
1572 1752 1673 1785 dedit

202 1796 400 1828 Gronovius
414 1806 457 1827 ex
477 1795 676 1827 melioribus
691 1795 852 1836 scriptis;
879 1799 916 1827 et
927 1796 977 1827 sic
994 1796 1119 1828 Behot.
1135 1798 1276 1827 2.--574
1298 1797 1371 1827 Alis
1386 1796 1508 1828 Behot.
1525 1797 1556 1827 1.
1579 1795 1673 1836 Alips

201 1839 341 1871 Taurin.
369 1839 474 1879 Halys
505 1839 614 1870 ceteri
641 1837 744 1870 codd.
767 1847 844 1870 cum
870 1837 950 1870 edd.
981 1842 1067 1870 vett.
1112 1839 1202 1870 Vide
1219 1839 1278 1870 lib.
1296 1847 1348 1870 rx.
1365 1839 1549 1870 mah-57⁷
1573 1838 1670 1870 Unus

203 1882 327 1914 Behot.
352 1882 479 1913 turbato
499 1881 581 1912 vidie
602 1882 711 1912 laxare
730 1881 846 1916 ruitum
869 1881 1009 1912 Taurin.
1032 1881 1160 1913 turbata
1185 1882 1268 1913 vidit
1293 1882 1402 1912 laxare
1416 1883 1671 1921 ‘caterva—5⁷8

202 1925 346 1956 Venett.
364 1925 460 1956 Rom.
478 1923 582 1955 Aldd.
599 1923 708 1955 Coliu.
724 1923 859 1964 Gryph.
874 1924 980 1955 Basii.
996 1927 1031 1955 et
1047 1924 1165 1956 Plant.
1189 1924 1320 1956 acclinia
1333 1924 1431 1955 monti
1442 1934 1455 1960 ,·
1479 1924 1571 1955 Dan.
1587 1923 1670 1956 Put.

201 1968 326 1999 Petav.
341 1968 449 2008 Lang.
468 1967 569 1998 Laut.
585 1966 739 2007 Lipsian.
755 1965 889 1997 Busiid.
903 1966 1042 1998 Taurin-
1057 1967 1174 1999 Bur-m.
1197 1967 1358 1998 Petrens.
1381 1965 1522 2008 optimae
1537 1965 1673 1999 Barthii

203 2011 425 2050 membranae,
441 2014 478 2041 et
494 2010 634 2041 Behott.
651 2011 726 2040 1.2.
749 2009 894 2048 acclinia,
922 2010 974 2040 vel
1001 2009 1161 2046 adclinia‚·
1191 2010 1308 2041 Burm.
1331 2018 1448 2040 errore
1473 2008 1556 2050 styli
1575 2009 1672 2040 ntor-ti

203 2063 264 2095 pro
277 2054 497 2086 monti.—579
522 2052 678 2084 Tinxerat
696 2053 730 2083 in
746 2051 867 2083 eodem
884 2053 1125 2085 codice—680
1149 2052 1246 2084 Idem
1269 2052 1373 2085 etiam
1396 2051 1506 2084 codex
1528 2052 1612 2083 nudo
1632 2061 1672 2083 ne

870 2138 1016 2178 No'rAE

249 2209 312 2238 5⁷2
337 2205 458 2237 Martis
480 2214 496 2237 e
517 2204 634 2236 semine
657 2204 780 2235 Theron
805 2204 912 2236 Terri-

201 2266 300 2298 genas
314 2255 447 2298 confisus
460 2254 551 2295 avos]
583 2255 676 2287 Quia
695 2254 832 2286 scilicet
847 2255 912 2286 ori-

205 2309 319 2350 ginem
345 2306 505 2338 trahebat
519 2315 539 2337 a
558 2305 704 2347 Spartis,
727 2315 787 2337 seu
804 2305 847 2337 ab
862 2305 915 2346 iis,

205 2358 264 2401 qui
279 2357 439 2390 dentibus
451 2357 625 2398 serpentis
636 2357 746 2389 Marti
759 2357 846 2389 sacri
859 2367 913 2389 οι·-

206 2411 232 2441 ti
259 2408 398 2440 fuerant
421 2417 440 2439 e
462 2411 568 2439 terra.
613 2407 726 2438 Porro
741 2417 803 2448 pro
817 2407 914 2450 confi-

204 2470 269 2501 sus,
301 2458 392 2501 quod
419 2458 580 2490 meliores
607 2457 745 2489 codices
771 2458 912 2499 habent,

207 2511 339 2553 priores
375 2507 545 2541 editiones
581 2507 709 2540 habent
746 2509 913 2546 confessus.

207 2561 382 2594 Observat
396 2563 511 2591 autem
533 2557 732 2590 Priscianus
754 2559 813 2591 lib.
829 2567 913 2590 vur.

206 2616 242 2643 et
258 2609 393 2643 Graecis
416 2609 486 2641 dici
510 2607 609 2649 θαῤῥῶ
630 2609 736 2649 τοῦτο,
759 2613 796 2641 et
818 2609 916 2649 θαρῥῶ

205 2661 317 2702 τούτῳ,
331 2661 448 2692 addito
475 2669 519 2691 ex
540 2660 797 2691 Demosthene:
831 2660 914 2691 οὔτε

207 2714 357 2745 Φίλιππος
371 2711 489 2753 έθάῤῥει
501 2710 636 2751 τούτοις,
649 2710 722 2742 οὔτε
742 2709 783 2742 σὺ
794 2710 849 2743 τὸν
861 2711 912 2742 Φί-

207 2773 334 2798 λιππον.
904 2774 906 2779 ’

249 2818 313 2848 575
337 2814 572 2856 Pentheumque
582 2813 710 2847 trahem
720 2812 836 2854 genus]
867 2812 910 2845 Id

967 2209 1032 2241 est,
1058 2205 1197 2236 trahens
1223 2213 1328 2244 genus
1355 2213 1376 2235 u
1404 2203 1560 2235 Pentheo
1586 2211 1669 2244 rege

965 2254 1168 2286 Thebarum.
1216 2255 1362 2286 Nondum
1376 2257 1408 2285 te
1427 2263 1514 2294 oequo
1529 2253 1671 2294 Bacche]

967 2306 1089 2337 Mens:
1128 2306 1302 2337 Bacchum
1331 2304 1438 2336 semel
1466 2309 1669 2345 conceptam

966 2359 1088 2398 contra
1104 2355 1297 2387 Pentheum
1319 2355 1403 2387 iram
1426 2355 1576 2386 nondum
1591 2363 1671 2386 con-

965 2406 1114 2446 coxisse,
1127 2410 1164 2437 et
1178 2406 1374 2438 extendisse
1389 2405 1554 2438 ultionem
1573 2413 1670 2436 suam

966 2456 1000 2487 in
1015 2456 1240 2488 Phaedimum·
1254 2456 1345 2488 illius
1360 2461 1522 2497 nepotem
1537 2465 1546 2486 ε
1578 2454 1671 2486 Pen-

967 2507 1067 2539 theus
1088 2507 1192 2547 enim,
1207 2511 1245 2538 ut
1262 2508 1338 2548 jam
1361 2506 1485 2547 saepius
1509 2505 1669 2544 diximus,

968 2566 1093 2589 numen
1124 2557 1253 2589 Bacchi
1282 2565 1471 2598 agnoscere
1498 2556 1668 2596 noluerat,

968 2617 1137 2650 sacraque
1158 2607 1233 2648 ejus
1257 2607 1424 2648 impedire
1451 2609 1670 2645 tentaverat3

968 2658 1059 2690 unde
1074 2659 1181 2689 iratus
1200 2658 1353 2699 graviter
1374 2656 1547 2697 Bacchus,
1570 2657 1668 2688 ilium

967 2721 988 2743 a
1014 2711 1156 2752 propria
1182 2714 1290 2742 matre
1319 2709 1454 2750 Agave,
1476 2707 1594 2742 furore
1619 2707 1669 2741 ini

966 2754 1130 2803 immisso,
1141 2760 1292 2803 discerpi
1305 2763 1498 2793 curaverat.
