1820 3068
175 166 290 209 1102
672 177 713 207 P.
747 175 940 207 nemu
974 175 1142 208 STA'rn

175 274 390 324 verticis,
412 278 615 327 urgentes
638 273 859 316 cervicem
880 273 1065 316 inclinat
1084 275 1130 316 in
1151 273 1357 325 Austros,
1559 272 1651 319 855

174 342 273 385 Vix
293 356 392 385 sese
413 343 565 385 radice
581 346 751 394 tenens,
774 347 989 398 terraeque
1010 344 1294 398 propinquat,

174 411 205 453 J
209 410 448 453 amdudum
471 410 674 453 aetherias
694 410 856 453 eadem
875 410 1068 453 reditura
1089 411 1173 454 sub
1202 404 1361 454 auras:

182 479 287 520 Non
307 491 438 520 secus
458 478 663 532 ingentes
683 482 804 521 artus
825 479 1069 533 praecelsus
1089 477 1306 534 Agylleus

175 547 343 601 Sponte
364 547 539 601 premit,
558 558 836 602 parvumque
854 560 1033 601 gemens
1053 547 1310 602 duplicatur
1331 548 1378 591 in
1397 548 1600 592 hostem:
1625 567 1628 570 ·
1693 601 1696 603 ,

176 615 235 656 Et
265 615 363 669 jam
399 615 566 657 alterna
605 627 781 667 manuS,
816 614 1110 670 frontemque,
1149 615 1463 671 humerosque,
1509 617 1648 659 latus-⁴

352 695 452 737 que,
1563 685 1650 728 860

178 750 415 805 Collaque,
436 754 723 805 pectoraque,
745 754 791 792 et
810 750 998 793 vitantia
1018 764 1147 794 crura
1164 752 1361 794 lacessit.

176 817 493 873 Interdumque
516 819 594 860 diu
614 817 807 873 pendent
825 831 904 874 per
923 823 1082 862 mutua
1101 819 1205 862 fulti

175 887 385 937 Brachia,
404 899 520 928 nunc
542 887 654 929 saevi
674 886 914 941 digitorum
927 887 1110 930 vincula
1127 887 1349 942 frangunt.

176 955 284 997 Non
306 956 370 997 sic
389 954 599 997 ductores
619 954 782 1008 gemini
802 955 947 1010 gregis
966 955 1144 998 horrida
1163 956 1277 998 tauri

177 1024 310 1066 Bella
330 1026 531 1066 movent:
562 1022 714 1065 medio
735 1024 896 1078 conjux
920 1027 1015 1066 stat
1036 1023 1227 1066 candida
1247 1027 1375 1080 prato
1471 1034 1475 1038 ’
1560 1026 1647 1069 865

175 1148 234 1179 mit
249 1151 342 1189 caput
357 1148 394 1179 ob
408 1148 562 1180 instantes
575 1151 697 1187 ventos,
710 1147 766 1180 vix
779 1158 845 1180 sese
859 1148 959 1190 stirpe
982 1149 1133 1189 retinens,
1148 1152 1179 1181 et
1198 1152 1292 1181 term·
1317 1149 1450 1190 accedit,
1462 1147 1650 1189 jamdudum

176 1192 283 1222 eadem
298 1192 440 1224 reditura
455 1193 496 1222 od
510 1192 646 1223 coelestes
660 1201 765 1222 auras.
812 1192 912 1223 Haud
937 1191 1032 1223 aliter
1055 1201 1199 1232 procerus
1212 1191 1367 1234 Agylleus
1385 1194 1469 1225 ultro
1491 1195 1650 1226 contrahit

174 1234 320 1274 ingentia
345 1243 401 1265 sua
426 1235 578 1273 membra,
605 1238 636 1266 et
662 1234 810 1266 anhelans
834 1238 1040 1276 procurentur·
1054 1235 1089 1266 in
1102 1245 1234 1275 parvum
1249 1237 1472 1269 adversarium.
1518 1237 1564 1268 Et
1579 1237 1650 1275 jam

176 1286 285 1308 manus
298 1278 432 1308 invicem
446 1277 579 1315 infestat
586 1276 739 1315 frontem,
761 1287 878 1317 armos,
894 1279 990 1316 lalus,
1017 1277 1180 1318 cervicem,
1200 1281 1397 1320 pectoraque,
1411 1289 1448 1311 ac
1459 1279 1650 1311 declinantia

175 1330 278 1352 crura.
323 1321 370 1351 Et
398 1321 556 1352 interdum
583 1321 638 1352 diu
658 1322 890 1361 suspenduntur
913 1320 1021 1352 inniti
1044 1330 1101 1362 per
1127 1324 1252 1352 mutuos
1272 1322 1404 1354 lacertos
1416 1332 1429 1360 ,-
1449 1331 1532 1355 nunc
1545 1323 1650 1363 asperi

177 1363 376 1404 disrumpunt
391 1364 566 1405 complexus
579 1363 764 1403 digitorum.
809 1364 885 1396 Non
898 1364 944 1395 sic
958 1364 1044 1395 tauri
1058 1367 1194 1396 rectores
1208 1365 1340 1397 duorum
1353 1369 1566 1397 umentorum
1578 1366 1650 1396 dir«

172 1407 286 1446 praelia
311 1411 487 1440 conserunt.
532 1406 616 1440 Alba
630 1417 723 1439 cacco
750 1410 816 1438 stat
839 1407 875 1439 iu
900 1407 1002 1438 medio
1027 1417 1134 1448 campo
1163 1406 1313 1440 rictorem
1335 1409 1520 1450 oppen'eus:
1545 1408 1666 1450 rubidi-

795 1493 1034 1506 eeeeeeeeeeee

175 1549 275 1581 veluti
289 1550 520 1593 Alpini.-855
543 1550 554 1569 ⁴
568 1550 664 1582 Vera
691 1549 863 1592 scriptura
885 1549 920 1580 in
946 1549 1049 1582 unico
1063 1553 1179 1583 nostro
1194 1550 1280 1583 libro
1294 1555 1350 1583 est
1363 1550 1515 1584 urentes?
1529 1550 1648 1584 Barth.

176 1596 285 1625 —856
307 1597 316 1612 ⁸
334 1594 474 1634 Melius,
486 1599 522 1626 et
532 1594 590 1626 τοῦ
604 1594 750 1633 noum-oi),
765 1593 856 1635 quod
869 1597 922 1625 est
937 1593 971 1624 in
988 1593 1126 1634 optimis
1139 1593 1365 1626 membranis:
1388 1597 1565 1636 terramque
1577 1605 1650 1636 pro-

174 1636 330 1677 pinquat)
345 1636 565 1670 Idem—863
589 1637 786 1670 Gronovius
802 1636 837 1667 in
855 1635 972 1667 Diatr.
988 1646 1024 1677 p.
1040 1639 1116 1668 240.
1139 1635 1195 1668 ed.
1212 1636 1328 1668 Hand.
1342 1636 1648 1676 &mansamuz—⁴·

178 1681 240 1711 865
266 1680 363 1712 Unus
390 1681 515 1714 Behot.
540 1682 676 1721 conjunx
699 1681 912 1712 stans.-866
941 1679 1097 1711 Victorem
1122 1683 1268 1722 expectat
1297 1681 1387 1712 alter
1413 1681 1648 1713 Bellon—868

843 1766 879 1799 N
883 1766 987 1799 01·AE

220 1834 285 1864 854
300 1830 413 1873 Alpini
431 1832 581 1873 Verticis]
595 1832 704 1875 Alpes
719 1831 888 1865 notissimi
942 1831 1178 1872 succumbant,
1202 1831 1264 1864 sed
1294 1830 1375 1874 quia
1392 1830 1648 1873 ,profundenda

176 1886 311 1915 montes
327 1882 476 1915 Galliam
490 1882 532 1915 ab
553 1883 657 1915 Italia
672 1882 885 1915 dirimentes.
942 1891 1027 1914 voce
1043 1890 1143 1914 omne
1159 1891 1284 1923 corpus
1307 1881 1513 1922 intenditur,
1538 1882 1648 1914 venit·

181 1934 370 1975 Cupressus]
395 1934 437 1965 In
453 1933 599 1975 Alpibus
614 1935 725 1966 nullas
738 1943 812 1965 esse
827 1943 885 1965 cu-

178 1992 318 2026 pressus
334 1989 433 2017 notat
449 1985 616 2027 Guyetus.
659 1984 728 2017 Sed
748 1985 886 2017 hicuna

177 2036 313 2078 species
331 2036 462 2068 arboris
479 2046 542 2077 pro
558 2037 680 2069 altera.

221 2089 286 2118 859
325 2086 478 2128 Gemens]
537 2087 685 2128 Gallice,
719 2086 885 2127 geignant.

180 2138 262 2169 Non
291 2138 446 2179 pugilum
476 2138 579 2170 modo
609 2142 669 2170 aut
696 2147 887 2177 cursorum,

179 2187 241 2219 sed
271 2192 464 2219 ceterorum
496 2197 633 2230 quoqne
666 2187 886 2219 Athletarum

179 2247 359 2270 commuue
389 2237 470 2279 fuit,
501 2243 540 2270 ut
569 2239 806 2271 exclamarent
833 2237 887 2269 vel

179 2288 294 2329 potius
319 2288 600 2330 ingemiscerent.
645 2289 768 2322 Cicero
782 2289 885 2320 Tusc-

179 2339 314 2372 Qnaest.
344 2340 402 2372 lib.
428 2349 456 2372 r.
479 2340 580 2372 ‘Nec
607 2349 690 2372 vero
711 2338 887 2381 unquam,’

179 2392 305 2433 inquit,
331 2395 342 2410 ‘
354 2401 399 2424 ne
415 2391 611 2433 ingemiscit
626 2391 763 2433 quidem
780 2390 832 2421 vir
845 2399 887 2422 ac

180 2442 330 2483 sapiens,
358 2442 422 2473 nisi
448 2441 538 2474 forte
558 2446 599 2474 ut
616 2451 652 2473 se
668 2440 826 2473 intendat
841 2440 886 2472 ad

178 2492 391 2533 firmitatem,
420 2498 458 2524 ut
475 2492 510 2524 in
526 2492 640 2524 stadio
655 2500 809 2524 cursores
826 2500 886 2523 ex-

180 2544 331 2576 clamant
348 2555 448 2586 quam
474 2545 621 2576 maxime
641 2548 807 2586 possunt:
834 2541 886 2575 fa·

181 2593 280 2625 ciunt
303 2595 391 2626 idem
416 2605 493 2626 cuni
509 2598 720 2627 exercentur
736 2594 887 2626 athletae.

181 2643 323 2684 Pugiles
347 2646 553 2686 etiam‚cnm
574 2644 704 2676 feriunt
728 2645 887 2676 adversa-

182 2693 282 2735 rium,
298 2695 330 2726 in
353 2697 528 2736 jactandis
545 2696 710 2728 caestibus
725 2695 886 2737 ingemis-

183 2751 282 2785 cunt,
308 2755 375 2777 nou
406 2746 497 2788 quod
527 2746 678 2788 doleant,
705 2747 886 2788 animoque

941 1941 1009 1974 que
1025 1932 1125 1974 plaga
1141 1931 1400 1966 vehementior.’
1420 1931 1478 1964 Sic
1493 1935 1531 1964 et
1543 1931 1649 1964 Theb.

940 1990 969 2014 1.
985 1981 1030 2013 de
1045 1981 1214 2023 Polynice
1229 1991 1271 2014 ac
1286 1980 1409 2023 Tydeo
1420 1981 1646 2014 certantibus.

940 2032 951 2050 ‘
964 2033 1014 2066 Ni
1039 2041 1102 2066 rex
1119 2032 1293 2064 insolitum
1315 2032 1501 2064 clamorem
1517 2036 1555 2064 et
1569 2040 1650 2073 pec-

941 2086 1018 2114 tore
1035 2082 1078 2114 ab
1093 2082 1162 2114 alto
1182 2082 1378 2115 Stridentes
1401 2081 1549 2123 gemitus
1562 2081 1585 2114 :'
1613 2085 1648 2114 et

923 2145 925 2147 ·
941 2142 1044 2175 supra
1059 2133 1103 2164 de
1120 2134 1297 2175 Capaneo,
1324 2135 1360 2165 et
1381 2131 1646 2164 Alcidamante:

941 2187 952 2203 ‘
964 2185 1010 2216 Et
1017 2184 1091 2226 jam
1107 2187 1290 2226 utrumque
1305 2182 1416 2223 labor,
1433 2182 1648 2225 suspiriaque

941 2245 1034 2277 aegra
1048 2235 1224 2278 fatigant!
1267 2236 1325 2267 Sic
1339 2239 1376 2267 et
1389 2235 1539 2277 gemitus
1554 2236 1646 2277 apud

940 2287 1107 2319 Senecam
1134 2287 1247 2328 Epist.
1264 2287 1320 2319 6⁷.
1341 2287 1351 2304 ‘
1363 2285 1422 2318 Sic
1441 2290 1479 2318 et
1495 2285 1647 2318 artifices

941 2342 1096 2379 gemunt,
1112 2346 1189 2369 cum
1212 2335 1352 2369 fortiter
1365 2334 1522 2368 feriunt:
1565 2336 1648 2368 Par-

939 2398 1012 2421 vum
1025 2389 1060 2420 in
1074 2387 1207 2429 hostem]
1230 2387 1397 2429 Tydeum.

984 2443 1048 2472 86⁰
1072 2439 1119 2471 Et
1137 2439 1209 2479 ,iam
1230 2440 1356 2470 altem
1369 2438 1497 2480 nium]
1519 2436 1562 2469 Id
1578 2441 1646 2479 est,

940 2491 1090 2524 invicem
1119 2500 1157 2523 se
1185 2490 1342 2523 manibus
1372 2489 1645 2532 apprehendunt,

941 2552 982 2575 ac
998 2543 1185 2575 lacessunt.

984 2595 1048 2624 863
1092 2591 1239 2633 Vincula]
1261 2591 1395 2631 Nexns,
1433 2590 1647 2631 complexus,

941 2643 1219 2684 complicationes
1242 2641 1364 2674 dicunt
1375 2641 1493 2672 etiam.

983 2697 1045 2726 865
1072 2694 1197 2733 conjux
1218 2691 1365 2733 candida]
1387 2691 1504 2723 Vacca
1521 2690 1645 2732 conjux

938 2744 1055 2777 futura
1069 2745 1222 2778 victoris.

1814 793 1820 831 Α..
1815 766 1820 775 ..
1813 588 1820 756 ——ma-ffir.
1813 517 1820 569 “m-
1812 286 1820 508 -—-——-...-.—.-.:
1816 229 1820 277 ....-
1816 210 1820 215 .
