1820 3068
212 226 298 269 888
715 234 754 264 P.
788 232 981 264 PAPlNu
1013 231 1178 264 ετΑτιι

214 333 272 375 Et
290 332 421 375 bellis
442 333 637 374 armenta
659 330 863 372 domant:
896 343 950 372 ea
969 329 1110 383 gloria
1131 331 1249 383 genti

213 399 404 442 Infando
427 399 482 440 de
498 412 632 449 more,
654 402 698 440 et
713 398 871 439 fractis
893 398 1022 440 durat
1042 398 1099 439 ab
1119 410 1262 452 usque

214 468 392 509 Axibus
414 467 650 509 OEnomai:
681 466 866 508 strident
883 466 1137 520 spumantia
1155 478 1305 508 morsu

214 534 422 586 Vincula,
443 539 489 576 et
508 534 697 576 effossas
718 534 875 576 niveus
894 534 1007 587 rigat
1026 533 1166 575 imber
1180 545 1353 575 arenas.
1589 531 1677 574 245

214 603 286 644 Tu
307 615 484 657 quoque
504 602 768 644 Parrhasias
788 603 943 657 ignara
956 605 1095 644 matre
1109 605 1313 644 catervas

215 668 290 711 Ah
308 669 433 711 rudis
452 682 676 720 annorum,
691 670 878 719 (tantum
898 681 1019 711 nova
1037 669 1177 722 gloria
1191 666 1393 723 suadet‚)

216 737 555 791 Parthenopaee,
577 738 720 792 rapis:
750 742 844 779 tum
865 738 1006 780 saltus
1025 737 1142 779 forte
1161 740 1356 780 remotos

217 804 368 846 Torva
389 817 550 858 parens
569 804 734 860 (neque
753 806 871 848 enim
892 806 989 848 haec
1001 805 1163 859 juveni
1181 805 1295 848 foret
1312 805 1377 848 ire
1394 801 1623 859 potestas)

218 871 425 914 Pacabat
446 886 599 925 cornu,
623 873 842 929 gelidique
862 886 1019 916 aversa
1041 874 1193 928 Lycei.
1593 870 1682 912 250

218 1006 352 1037 campos,
373 1000 405 1029 et
418 1007 511 1038 equos
525 998 566 1028 ad
578 997 689 1029 bellum
702 998 866 1038 subigunt.
910 998 950 1030 Id
964 999 1056 1030 decas
1067 998 1138 1030 huic
1151 997 1274 1030 nationi
1286 996 1372 1029 mit
1385 1006 1406 1028 a
1419 995 1542 1034 nefaria
1555 1003 1681 1026 consue-

218 1039 339 1079 tudine,
354 1043 386 1071 et
396 1041 491 1072 durat
505 1041 544 1072 ab
559 1050 654 1082 usque
667 1042 770 1082 raptis
783 1041 898 1073 axibus
915 1042 1074 1073 OEnomai.
1106 1041 1226 1073 Sonant
1239 1041 1346 1081 lupata
1360 1038 1512 1071 morsibus
1524 1046 1682 1078 equorum,

203 1084 250 1114 'et
264 1082 398 1114 eandida
411 1093 520 1124 spuma
535 1084 701 1122 madefacit
714 1087 882 1116 excavatas
908 1094 1030 1116 arenas.
1078 1084 1125 1116 Tu
1145 1084 1252 1123 etiam,
1274 1083 1511 1122 hamme,
1533 1079 1575 1111 ab
1588 1082 1686 1111 atate

218 1125 374 1166 imperite,
394 1125 467 1165 agis
490 1127 683 1158 Parrhasias
707 1127 811 1168 copias
833 1127 932 1159 inscia
954 1130 1084 1167 parente
1094 1138 1108 1165 ‚-
1133 1130 1253 1158 tantum
1285 1129 1316 1157 te
1340 1134 1436 1157 novas
1455 1124 1551 1155 honor
1565 1122 1683 1161 tang-it.

223 1168 301 1199 Tum
307 1169 398 1207 sorte
411 1170 587 1200 truculenta
601 1172 703 1201 mater
713 1180 808 1201 cornu
823 1169 1048 1211 tranquillabat
1058 1169 1188 1200 dissitas
1200 1169 1316 1210 sylvas,
1326 1171 1358 1199 et
1369 1169 1435 1199 loca
1441 1165 1563 1206 frigidi
1574 1164 1685 1206 Lycei.

219 1211 294 1242 Non
318 1211 401 1242 enim
415 1212 492 1242 data
505 1211 627 1249 suisset
633 1211 776 1251 facultas
783 1212 898 1253 juveni
922 1214 963 1244 ad
976 1221 1065 1243 arma
1073 1211 1300 1255 proficiscendi.
1346 1210 1436 1242 Nulli
1446 1209 1628 1251 profecturo
1641 1207 1684 1238 ad

834 1286 1050 1300 ONNOOOOQ
1055 1287 1072 1298 0

220 1352 419 1383 arca—242
441 1352 509 1383 Aut
535 1351 623 1383 bellis
638 1352 914 1394 glossographus.
948 1363 986 1385 ea
1012 1353 1117 1393 gloria
1142 1351 1250 1391 geneis
1275 1359 1361 1382 nnus
1377 1348 1609 1381 Belius—243
1632 1346 1686 1378 In-

213 1394 315 1432 fando
329 1394 367 1425 de
381 1404 465 1426 more
491 1395 590 1435 venit,
603 1396 731 1427 duravit
746 1396 786 1427 ab
800 1406 896 1437 usque
910 1396 1050 1437 optimae
1067 1395 1200 1427 Barthii
1214 1393 1542 1426 membranam-245
1556 1390 1689 1422 Froena-

222 1446 279 1476 que
289 1439 322 1468 et
336 1436 464 1478 effossas
479 1437 515 1469 in
530 1438 650 1470 iisdem
663 1439 880 1479 membranis,
894 1439 984 1480 quod
1000 1442 1118 1471 verum
1138 1441 1238 1478 putat
1254 1435 1536 1468 Rutilium-247
1560 1431 1619 1464 Ha
1631 1441 1688 1464 ru-

220 1480 271 1510 dis
296 1487 415 1511 omnes
430 1480 622 1521 Barthiani‚
650 1482 743 1514 Dan.
754 1481 835 1513 Put.
852 1486 888 1513 et
903 1481 1029 1514 Petav.
1063 1489 1218 1512 annorum
1235 1479 1325 1510 Dan.
1341 1478 1422 1510 Put.
1437 1477 1563 1509 Petav.
1577 1475 1687 1515 Iaang.

222 1522 327 1555 Laur.
343 1522 480 1555 Buslid.
495 1524 650 1562 Lipsian.
666 1524 809 1556 Venett.
833 1523 938 1556 Aldd.
956 1524 1071 1556 Colin.
1100 1522 1234 1564 Gryph.
1261 1521 1369 1554 Basil.
1391 1520 1510 1552 Plant.
1535 1516 1687 1550 Linden-

220 1564 319 1606 brog.
344 1565 447 1597 Cruc.
472 1570 508 1598 et
531 1566 675 1599 Gevart.
698 1577 851 1599 annorum
877 1571 1024 1609 uterque
1050 1566 1178 1598 Behot.
1206 1563 1353 1596 Amstel.
1382 1562 1536 1595 Gronov,
1561 1559 1685 1595 Barth.

222 1607 334 1640 Veen.
365 1612 402 1639 et
417 1608 547 1649 Delph.
568 1609 680 1641 Porro
695 1609 751 1642 hic
770 1619 887 1642 versus
909 1619 987 1642 cum
1003 1609 1162 1651 sequenti
1187 1607 1238 1639 ita
1262 1607 1297 1638 in
1310 1605 1433 1639 Behot.
1449 1607 1479 1637 1.
1504 1604 1664 1644 leguntur
1676 1612 1687 1634 ε

223 1650 364 1682 Partem
386 1661 431 1682 τω
445 1652 530 1693 rapis
545 1651 685 1693 [tantum
699 1662 780 1684 nova
791 1653 896 1693 gloria
909 1652 1036 1694 suadet]
1060 1652 1117 1683 Ha
1129 1650 1221 1683 rudis
1233 1658 1384 1682 mnarum
1398 1648 1513 1690 [nauus
1522 1644 1690 1684 cumforte

221 1661 396 1733 rememsis}
419 1693 480 1725 sed
496 1704 571 1735 quae
587 1695 754 1727 uncinulis
771 1695 904 1727 inclusa
920 1695 1029 1735 vides,
1052 1694 1181 1735 scripta
1196 1697 1296 1725 erant
1317 1692 1351 1723 in
1367 1691 1589 1722 litura.—249
1611 1687 1690 1719 Vox

225 1736 308 1767 enim
324 1735 424 1768 deest
451 1737 486 1767 in
511 1737 594 1770 Put.
618 1742 655 1769 et
670 1738 840 1778 particula
854 1738 921 1770 hoec
935 1738 970 1769 in
985 1747 1053 1769 uno
1069 1737 1190 1768 Barth.
1235 1735 1307 1766 Pro
1323 1734 1425 1773 soret,
1450 1731 1542 1774 quod
1561 1729 1692 1762 habent

226 1782 372 1819 uterque
388 1778 514 1812 Behot.
529 1780 636 1820 Lang.
655 1781 759 1812 Laur.
777 1782 937 1813 Petrens.
951 1780 1084 1812 Buslid.
1110 1778 1260 1819 Lipsian.
1287 1776 1394 1808 Aldd.
1416 1774 1528 1807 Colin.
1551 1772 1688 1814 Grypb.

196 1840 198 1842 »
226 1821 333 1853 Basil.
349 1821 468 1854 Plant.
482 1822 628 1854 Gevart.
645 1822 806 1856 Grasser.
822 1823 967 1856 Amstei.
983 1822 1136 1855 Gronov.
1152 1820 1273 1853 Barth.
1287 1820 1398 1852 veen.
1415 1822 1452 1850 et
1466 1817 1534 1849 Del
1558 1816 1592 1847 b.
1601 1815 1693 1854 sorte

227 1863 395 1896 exhibent
423 1865 517 1898 Dan.
549 1865 634 1898 Put.
657 1866 782 1898 Petav.
805 1867 949 1898 Venett.
977 1864 1212 1906 Lindenbrog.
1240 1867 1277 1895 et
1302 1862 1514 1895 crum—2⁵0
1569 1857 1691 1907 lavabat

225 1916 322 1939 cornu
335 1916 422 1940 unus
438 1908 565 1941 Behot.
583 1913 619 1940 et
634 1908 793 1942 Petrens.
814 1910 946 1942 adversa
962 1908 1072 1951 Dycoei
1086 1907 1211 1940 Behot.
1229 1909 1262 1938 1.
1284 1909 1321 1938 et
1335 1902 1489 1938 nonnulli
1502 1901 1691 1934 Bai-ibimu-

891 1994 1035 2027 NOTAE

990 2056 1112 2090 rhasiis
1147 2055 1295 2099 populis,
1327 2058 1366 2086 et
1400 2051 1486 2086 urbe
1519 2051 1692 2086 Arcadiae.

990 2108 1115 2150 Matre]
1137 2108 1311 2140 Atalanta.
1629 2123 1638 2128 -

1033 2161 1096 2192 247
1119 2157 1299 2198 Annorum]
1320 2154 1469 2190 Quidam
1481 2153 1620 2187 codices
1633 2153 1693 2184 bas-

992 2210 1077 2242 bent
1090 2218 1261 2248 armorum,
1284 2211 1322 2239 et
1341 2211 1526 2247 utrumque
1547 2201 1695 2236 Parthe-

992 2269 1115 2302 nopoeo
1130 2258 1312 2291 convenit:
1339 2254 1520 2288 admodum
1535 2253 1628 2286 enim
1636 2252 1695 2294 ju-

229 2060 428 2104 Olympiam
444 2069 553 2102 prope
569 2059 684 2092 Pisas.

272 2114 336 2146 242
359 2111 406 2143 Et
429 2111 518 2143 bellis
536 2114 683 2142 armenta
704 2109 848 2151 domant]
870 2109 936 2142 His

229 2162 319 2194 enim
334 2161 424 2194 ludis
439 2166 477 2194 et
496 2161 804 2193 exercitationibus
829 2169 936 2202 equos

229 2212 274 2245 ad
299 2212 429 2245 bellum
453 2212 605 2254 aptiores
623 2211 828 2244 reddebant.
872 2211 937 2243 Ar-

231 2263 352 2305 menta]
378 2263 507 2305 Equos.

274 2316 339 2346 243
362 2313 498 2352 Infando
521 2315 559 2346 de
583 2313 683 2354 more]
715 2313 807 2348 Quia
832 2313 937 2346 OEno·

231 2373 340 2404 maus,
352 2365 409 2407 qui
434 2364 564 2406 primus
584 2364 738 2397 instituit
751 2364 812 2396 lios
826 2363 938 2404 ludos,

231 2424 354 2457 procos
383 2414 478 2456 filiae,
507 2425 591 2457 quos
626 2425 731 2448 cursu
763 2414 940 2455 vincebat,

233 2466 430 2499 occidebat.
474 2467 604 2500 Fractis
623 2467 663 2499 ab
682 2476 778 2508 usque
799 2464 940 2506 Axibus]

233 2517 347 2549 Notat
371 2515 524 2549 fabulam
547 2526 614 2559 qua
634 2517 838 2549 OEnomaum
863 2519 940 2548 tan-

235 2567 315 2599 dem
334 2567 466 2609 Pelops
490 2567 587 2608 vicit,
611 2571 776 2609 corrupto
798 2566 942 2608 Myrtilo

235 2618 397 2650 OEnomai
423 2617 556 2659 auriga,
574 2617 634 2660 qui
649 2618 706 2649 axi
723 2621 859 2649 vectem
873 2625 941 2648 non

236 2669 389 2709 objecit:
420 2679 462 2701 ea
485 2669 620 2701 ratione
636 2668 824 2701 OEnomaus
839 2676 942 2700 curru

238 2719 400 2760 delapsus
416 2719 542 2751 collum
557 2718 678 2761 fregit.

281 2772 346 2802 246
367 2768 574 2810 Parrhasias]
612 2767 788 2810 Arcadiae,
813 2777 833 2800 a
855 2768 943 2800 Par·

992 2310 1089 2343 venis
1105 2314 1194 2347 erat,
1209 2312 1248 2341 et
1260 2306 1410 2340 noudum
1429 2304 1654 2337 militaverat.

1034 2363 1100 2394 248
1137 2357 1379 2400 Parthenone]
1422 2355 1696 2396 Parthenopam

995 2420 1081 2443 imus
1096 2419 1117 2442 e
1131 2409 1278 2442 ducibus
1302 2405 1452 2449 Argivis,
1471 2405 1610 2448 juvenis
1635 2403 1697 2436 ad-

994 2461 1131 2494 modum
1146 2459 1190 2492 ad
1205 2459 1334 2492 bellum
1347 2457 1545 2491 Thebanum
1561 2453 1698 2498 profec-

996 2518 1062 2550 tus,
1077 2515 1117 2544 ut
1126 2511 1203 2552 jam
1223 2509 1381 2543 diximus.
1685 2548 1688 2555 λ

1037 2565 1102 2596 249
1126 2562 1229 2594 Tmo
1240 2560 1370 2603 parens]
1386 2557 1564 2598 Atalanta,
1577 2556 1622 2589 ab
1636 2559 1698 2588 ert

996 2613 1215 2647 ercitationes
1230 2612 1358 2652 viriles,
1370 2609 1585 2643 venationem
1604 2615 1701 2639 nem-

995 2674 1052 2706 pe.
1095 2661 1230 2703 aneni]
1257 2660 1527 2700 Parthenopaeo.

1038 2717 1103 2747 250
1127 2714 1268 2746 Pacabat
1282 2709 1392 2752 oms]
1414 2708 1593 2745 Venudo,
1605 2706 1698 2740 scili·

997 2771 1064 2798 cet.
1107 2765 1239 2798 Pacata
1250 2760 1418 2795 reddebat
1429 2758 1579 2793 ferarum
1589 2757 1700 2804 eede-

1795 568 1820 671 rea-³²³³
1801 515 1804 519 ’
1803 383 1820 438 ¹1
