1820 3068
208 241 295 285 832

211 347 416 390 Monstra
438 348 610 400 volant,
631 348 741 391 dirae
763 347 955 391 strident
973 348 1020 391 in
1040 349 1159 392 nube
1181 350 1405 403 volucres,
1435 355 1439 359 “

713 254 754 285 Ρ.
789 251 984 284 PAPINH
1016 251 1185 284 s'rxrn

1598 351 1686 396 510

210 416 547 471 Nocturnaeque
567 420 745 471 gemunt
765 417 938 471 striges,
959 421 1004 460 et
1022 417 1183 462 feralia
1201 420 1324 462 bubo

211 485 388 527 Damna
409 498 577 527 canens
596 499 606 527 ε
640 498 744 540 quae
766 487 913 540 prima
934 486 1082 528 Deum
1109 491 1313 542 portenta
1334 483 1611 543 sequemur?

211 552 356 595 Hisne
378 553 488 605 dari,
508 553 791 609 Thymbraee,
812 554 995 608 polum'l
1028 554 1161 598 simul
1181 569 1261 598 ora
1278 568 1465 599 recurvo

211 621 370 676 Ungue
391 625 548 664 secant
566 621 753 672 rabidae,
775 622 1097 678 planctumque
1116 624 1395 667 imitantibus
1413 624 1498 666 alis

210 689 458 743 Exagitant
479 688 732 744 Zephyros,
753 692 797 730 et
814 689 996 750 plumea
1017 694 1203 745 pectora
1223 691 1423 735 caedunt.

1600 691 1688 736 515
1696 696 1698 698 ’

209 758 292 800 Ille
313 758 397 801 sub
417 758 541 801 haec.
530 771 541 781 ·
572 757 791 813 Equidem
810 757 942 809 varii,
963 762 1108 813 pater,
1125 760 1274 803 omina
1291 759 1456 803 Phoebi

205 858 327 899 p.raeda

376 858 493 891 Volant
517 861 677 891 monstra.-
700 858 865 892 horrendae
887 869 960 892 aves
982 860 1132 902 clangunt
1157 860 1194 892 in
1216 861 1300 901 aere,
1322 863 1355 893 et
1380 863 1544 892 nactum
1569 860 1687 902 striges

206 901 375 942 plangunt,
398 906 429 934 et
444 902 521 933 bubo
539 902 758 943 proenuntinns
773 902 929 941 funebres
948 903 1064 936 clades.
1110 904 1192 940 Quae
1202 904 1309 946 prima

1322 904 1484 935 numinum
1497 907 1621 937 ostenta
1630 905 1685 937 ob-

206 945 422 977 servabimus?
456 946 486 976 0
505 945 642 986 Thymbr
643 956 698 982 oee,
716 946 805 977 hisne
820 946 932 978 avibus
945 946 1000 978 ae'r
1013 948 1214 979 conceditur?
1255 946 1395 978 Furiosoe
1407 946 1496 978 sibi·
1485 947 1617 978 tnvicem
1631 957 1688 979 om

208 987 367 1019 dilaniant
380 988 469 1019 uncis
482 988 653 1028 unguibus,
674 993 707 1020 et
729 992 816 1020 motu
839 990 1067 1030 alarum‚quoe

208 1031 337 1071 lentant,
360 1034 391 1063 et
399 1031 525 1071 feriunt
539 1031 601 1063 sibi
623 1032 749 1072 plumea
766 1035 905 1073 pectora.
951 1032 1011 1064 Ille
1033 1033 1075 1064 nd
1094 1033 1184 1065 haec:

1086 990 1248 1030 planctum
1272 989 1472 1028 mutantur,
1495 993 1604 1021 tentos
1621 1000 1687 1022 mo-

1209 1033 1376 1075 Eqaidem,
1397 1036 1503 1074 pater,
1527 1033 1688 1066 multoties

830 1116 849 1129 O
853 1115 889 1128 00
893 1116 1074 1130 ‘NOOOOOO

209 1175 275 1204 est.
320 1171 441 1204 Nostri
464 1171 548 1204 nihil
564 1176 713 1213 mutant,
737 1181 850 1215 neque
871 1172 957 1206 uos.'

980 1172 1211 1206 Barth-510
1233 1173 1244 1193 ‘
1263 1172 1418 1214 Optimae
1434 1172 1566 1215 optime
1580 1182 1687 1206 mem-

208 1215 327 1246 branae
355 1215 619 1255 Scholiasticum
636 1216 740 1247 istum
758 1225 893 1248 versum
910 1216 1117 1259 explodunt,
1138 1226 1204 1248 nec
1220 1216 1297 1248 loco
1313 1216 1511 1258 dignantur.
1555 1216 1688 1250 Quibus

208 1259 334 1290 merito
360 1253 587 1301 volentesque
612 1259 839 1292 assentimur:

861 1259 960 1292 Idem.
992 1260 1082 1291 diras
1103 1261 1238 1292 mam
1258 1259 1348 1292 Dan.
1364 1259 1449 1292 Put.
1465 1259 1591 1292 Petav.
1605 1259 1687 1292 Lin-

206 1300 376 1343 denbrog.
391 1306 428 1333 et
445 1302 549 1334 Cruc.
551 1304 659 1334 —511
676 1302 686 1319 ‘
699 1302 789 1334 Sunt
804 1302 872 1334 dno
888 1302 978 1344 apud
995 1311 1057 1334 nos
1072 1302 1150 1334 libri
1163 1302 1221 1345 qni
1234 1303 1391 1335 voculam
1404 1305 1437 1334 et
1451 1302 1487 1334 in
1504 1302 1569 1334 boe
1585 1311 1687 1334 versu

207 1354 277 1375 non
305 1344 521 1384 agnoscunt!
542 1345 661 1377 Barth.
664 1347 772 1377 —512
808 1346 901 1378 Dan.
930 1350 968 1378 et
997 1346 1082 1379 Put.
1103 1349 1251 1387 portem·
1276 1348 1561 1387 sequanum—51⁵
1586 1345 1686 1378 Unus

208 1387 334 1421 Behot.
356 1392 388 1421 et
407 1391 535 1430 pectora
554 1390 681 1430 plumea
705 1388 841 1422 coedunt.
842 1391 951 1422 —516
973 1389 1015 1422 Iu
1041 1389 1175 1431 scripto
1202 1388 1335 1432 optimo
1361 1388 1483 1422 codice
1513 1393 1589 1422 est·
1622 1388 1686 1422 lue

878 1474 1022 1508 NOTAE

251 1541 314 1571 511
351 1539 496 1582 Striges]
531 1539 627 1572 Strix
656 1539 729 1573 avis
759 1539 918 1582 quaedam

207 1595 392 1631 nocturna,
411 1597 448 1623 et
470 1591 680 1633 importuna,
701 1601 722 1623 a
737 1590 919 1624 stridendo

208 1641 259 1674 sie
285 1641 393 1676 dicta.
439 1643 601 1675 Lucanus
625 1643 687 1675 lib.
712 1652 766 1675 vi.
790 1645 800 1662 ‘
816 1642 918 1676 Quod

207 1693 366 1734 trepidus
393 1693 501 1733 bubo,
524 1693 616 1736 quod
639 1693 726 1726 strix
747 1698 920 1726 nocturna

208 1743 423 1786 querentur!
466 1744 620 1776 Tibullus
640 1744 703 1777 lib.
720 1754 746 1776 1.
770 1744 869 1785 Eleg.
885 1747 918 1777 5.

208 1794 220 1812 ‘
239 1793 342 1826 Hauc
371 1794 520 1827 volitent
550 1795 671 1827 animae
702 1795 833 1827 circum
858 1804 921 1827 sua

196 1843 279 1878 fata
313 1850 500 1887 querentes
527 1847 673 1888 Semper
702 1850 740 1879 et
769 1856 790 1878 e
817 1845 920 1878 tectis

208 1896 297 1928 strix
313 1897 467 1930 violenta
481 1897 608 1931 canat.'
654 1897 787 1930 Plinius
804 1897 866 1930 lib.
878 1906 920 1930 ιι.

206 1957 286 1989 cap.
303 1950 357 1981 89.
378 1958 456 1990 quae
480 1948 526 1980 sit
547 1947 662 1980 avium
677 1952 835 1981 constare
850 1957 919 1980 non

207 1998 416 2032 arbitratur:
441 1999 696 2041 ‘Fabulosum,'
719 2000 784 2041 ait,
802 2005 811 2019 ‘
828 2000 919 2032 arbi-

209 2055 284 2081 tror
309 2049 354 2081 de
380 2050 562 2092 strigibus,
589 2050 696 2082 ubera
721 2060 780 2082 eas
806 2048 919 2082 iufau-

207 2100 294 2132 tium
306 2099 414 2133 labris
428 2101 642 2141 immulgere.
670 2100 756 2132 Esse
768 2100 803 2132 iu
813 2100 919 2132 male-

207 2150 314 2183 dictis
322 2151 395 2192 jam
412 2151 562 2192 antiquis
577 2151 718 2192 strigem
735 2151 917 2184 convenit:

208 2201 269 2233 sed
286 2212 362 2244 quae
379 2202 427 2234 sit
452 2202 581 2243 avium,
603 2206 764 2234 constare
781 2210 849 2232 non
865 2211 918 2232 ar-

207 2252 341 2285 bitror!
386 2253 446 2285 Sic
474 2257 511 2285 et
539 2252 664 2293 striges
688 2250 837 2284 Ovidius
857 2250 918 2283 de-

208 2303 331 2336 scribit
354 2303 450 2335 Fast.
476 2311 528 2335 vt.
552 2302 563 2320 ‘
578 2302 668 2334 Sunt
690 2301 801 2333 avidae
827 2301 919 2333 volu-

207 2363 299 2393 cres„
321 2362 389 2385 uon
412 2363 488 2395 qum
512 2352 660 2385 Phineia
682 2352 808 2383 mensis
829 2351 918 2384 Gut-

207 2409 287 2437 tura
301 2402 520 2445 fraudabant,
543 2402 604 2435 sed
627 2411 734 2443 genus
750 2401 830 2434 iude
846 2406 916 2434 tra-

207 2456 303 2487 hunt.
349 2454 492 2488 Grande
518 2458 638 2495 caput,
655 2457 788 2484 stantes
811 2452 916 2493 oculi,

207 2510 320 2538 rostra
336 2511 418 2547 apta
433 2504 578 2546 rapinae,
601 2503 757 2536 Canities
783 2503 918 2544 pennis,

207 2557 379 2599 unguibus
393 2557 512 2588 hamus
527 2556 628 2588 inest.
662 2554 778 2587 Nocte
789 2554 919 2595 volant,

207 2617 405 2649 puerosque
435 2611 559 2649 petunt
589 2605 735 2638 nutricis
764 2609 920 2646 egentes,

208 2658 254 2689 Et
277 2658 402 2689 vitiant
423 2657 522 2689 cunis
545 2665 692 2697 corpora
715 2661 814 2697 rapta
836 2656 919 2688 suis.

208 2707 362 2748 Carpere
393 2707 554 2739 dicuntur
589 2705 755 2738 lactentia
789 2706 920 2742 viscera

206 2760 346 2792 rostris:
389 2761 435 2792 Et
467 2761 604 2801 plenum
636 2765 720 2799 poto
754 2757 919 2799 sanguine

208 2815 327 2852 guttur
342 2810 483 2843 habent.
518 2811 580 2842 Est
598 2810 664 2842 illis
682 2809 845 2851 strigibus
862 2819 919 2841 no-

207 2871 306 2894 men:
331 2860 393 2894 sed
410 2861 555 2895 nominis
570 2861 671 2902 bujus
687 2861 811 2903 Causa,
825 2860 917 2921 (ινα

973 1540 1147 1573 horrenda
1163 1540 1312 1573 stridere
1332 1543 1437 1573 nocte
1458 1538 1595 1572 solent-⁹
1637 1540 1686 1572 Et

963 1590 1086 1629 feralia
1099 1591 1177 1623 bubo
1190 1591 1306 1623 damna
1320 1591 1450 1632 canens]
1470 1589 1606 1622 Plinius
1622 1589 1684 1623 lib.

974 1650 1011 1675 x.
1034 1651 1111 1683 cap.
1136 1644 1193 1673 22.
1214 1641 1224 1659 ‘
1241 1639 1368 1682 Bubo,’
1401 1640 1462 1681 ait,
1487 1641 1498 1658 ‘
1516 1638 1686 1681 funebris,

974 1697 1012 1724 et
1027 1693 1176 1725 maxime
1192 1691 1421 1733 abominatus,
1434 1690 1584 1733 publicis
1596 1700 1688 1733 prae-

974 1744 1076 1785 cipue
1092 1743 1272 1785 auspiciis,
1294 1743 1433 1775 deserta
1451 1741 1595 1774 incolit:
1618 1750 1685 1775 nec

974 1800 1112 1828 tantum
1135 1795 1304 1835 desolata,
1327 1793 1389 1827 sed
1417 1795 1523 1826 etiam
1546 1792 1623 1825 dira
1647 1797 1686 1826 et

974 1846 1152 1878 inaccessa
1165 1857 1174 1878 :
1190 1845 1303 1879 noctis
1316 1850 1516 1885 monstrum,
1525 1853 1590 1876 uec
1603 1853 1684 1877 caue

975 1900 1013 1928 tu
1029 1897 1144 1938 aliquo
1159 1896 1300 1933 vocalis,
1315 1894 1374 1927 sed
1387 1894 1528 1937 gemitu.
1560 1894 1684 1936 Imque

972 1946 1008 1978 in
1025 1947 1179 1987 urbibus,
1201 1951 1262 1978 aut
1282 1946 1316 1978 in
1343 1946 1422 1978 luce
1447 1945 1550 1985 visus,
1571 1945 1685 1978 dirum

973 2001 1149 2030 ostentum
1182 2001 1256 2030 est:
1288 1996 1498 2038 privatorum
1527 1995 1684 2028 domibus

972 2047 1181 2080 insidentem
1208 2045 1364 2088 plurimis
1391 2046 1463 2079 scio
1486 2054 1554 2078 nou
1577 2044 1684 2079 fuisse

971 2097 1126 2131 feralem.
1171 2097 1276 2129 Volat
1291 2105 1466 2139 uunquam
1481 2105 1551 2139 quo
1565 2096 1683 2136 libuit,

973 2148 1035 2180 sed
1063 2155 1282 2181 transversus
1308 2146 1476 2180 aufertur.
1521 2146 1684 2189 capitolii

973 2199 1095 2231 cellam
1120 2198 1228 2240 ipsam
1253 2198 1396 2230 intravit
1417 2197 1500 2230 Sex.
1524 2197 1683 2239 Papellio

972 2250 1076 2290 Istro,
1092 2250 1132 2281 L.
1149 2249 1306 2282 Pedanio
1322 2249 1420 2281 Coss·
1434 2248 1682 2290 propterquod

974 2300 1056 2332 urbs
1085 2299 1182 2332 nonis
1211 2298 1350 2331 Martiis
1381 2298 1528 2331 lustrata
1554 2302 1610 2330 est
1637 2307 1682 2330 eo

974 2350 1089 2383 anno!

1017 2402 1218 2446 Thymbreo]
1239 2402 1372 2447 Nescio
1398 2411 1461 2435 cnr
1486 2402 1544 2434 hic
1558 2401 1685 2444 Thym·

971 2456 1056 2488 braei
1066 2465 1126 2487 seu
1142 2453 1315 2496 Apollinis
1336 2453 1548 2486 mentionem
1562 2453 1681 2490 faciat,

973 2516 1050 2538 cum
1066 2515 1171 2547 supra
1185 2504 1282 2538 Jovis
1298 2504 1442 2545 auguria
1456 2503 1605 2536 dixerat.
1625 2503 1681 2536 Si·

972 2557 1037 2588 mul
1047 2567 1104 2588 orn
1120 2565 1249 2588 recurvo
1269 2554 1383 2595 Ungue
1393 2553 1516 2595 secant]
1537 2553 1616 2585 Hoc
1631 2552 1683 2585 fa-

974 2617 1054 2640 cere
1071 2608 1184 2639 solent
1206 2606 1275 2638 illae
1294 2615 1390 2647 aves,
1406 2615 1484 2638 cum
1509 2603 1682 2639 famelica

974 2662 1011 2690 et
1026 2658 1185 2699 impastae
1199 2659 1292 2689 sunt.

1017 2711 1079 2740 515
1106 2706 1283 2749 Zephyros]
1297 2704 1447 2748 Zephyri
1462 2703 1518 2738 hic
1530 2713 1598 2747 pro
1608 2704 1684 2747 qui-

973 2757 1126 2790 buslibet
1138 2756 1264 2789 ventis.

1015 2811 1081 2841 516
1111 2807 1218 2852 Varii]
1243 2805 1301 2840 Ob
1325 2805 1584 2849 ambiguitatem
1607 2814 1684 2842 ora-

973 2860 1141 2893 culorum.
