1820 3068
224 227 313 272 934
728 240 770 271 r».
806 238 998 270 ΡΑΡιΝιι
1032 238 1198 271 s'rA'ru

228 335 367 378 Nunc
387 335 483 385 iter,
503 347 560 375 ex
580 334 673 376 alto
693 325 835 389 fugiat
854 335 1024 390 liquor:
1058 336 1242 392 adjuvat
1258 337 1355 392 ipse

229 404 433 446 Phoebus
454 403 512 444 ad
532 403 616 445 hoc
637 396 811 445 summo
830 403 1003 459 (cesset
1022 404 1070 446 ni
1089 409 1237 447 vestra
1256 404 1485 460 voluntas)

231 472 419 514 Limite:
451 471 541 512 vim
557 472 721 526 coeptis
740 471 968 526 indulgent
988 476 1124 522 astra,
1145 485 1345 527 meaeque

232 538 421 582 AEstifer
441 538 655 592 Erigones
676 532 857 594 spumat
877 541 1030 583 canis:
1061 541 1123 582 ite
1142 541 1357 591 volenteS,

232 607 303 650 Ite
318 607 364 648 in
381 611 534 661 operta
553 607 660 649 soli:
690 611 795 662 post
811 620 892 650 vos
913 619 996 661 ego
1018 608 1186 661 gurgite
1203 608 1336 662 pleno

233 674 440 725 Eliciam,
458 678 502 716 et
523 687 628 729 quae
649 674 766 717 dona
784 675 898 718 meis
919 675 1200 730 amplissima
1220 677 1360 718 sacris

234 742 401 785 Vester
419 743 598 786 habebit
618 742 786 784 honos:
817 748 1124 798 nocturnaque
1145 743 1266 786 furta
1285 745 1494 787 licentum

237 809 553 866 Comipedum,
573 816 618 852 et
638 811 832 865 cupidas
853 812 1107 853 Faunorum
1128 813 1288 854 arcebo
1309 813 1503 868 rapinas.

239 879 456 922 Dixerat:
488 884 559 922 ast
579 879 671 921 illis
695 880 869 921 tenuior
887 892 1138 934 percurrere
1159 880 1284 921 visus

1613 388 1704 448 690

1621 745 1708 788 695

245 1012 382 1044 recedat.
407 1012 568 1043 Praeterea
579 1010 673 1049 fovet
686 1012 752 1053 ipse
766 1011 822 1044 Sol
835 1012 869 1043 in
883 1010 983 1043 medio
997 1011 1142 1051 culmine,
1152 1010 1232 1054 (nisi
1245 1012 1332 1044 vobis
1345 1013 1490 1045 voluntas
1502 1012 1614 1055 desig)
1625 1017 1714 1046 astra

241 1058 367 1086 nostros
381 1058 511 1086 conatus
524 1053 688 1093 adjuvant,
710 1059 742 1087 et
765 1055 881 1086 ardens
903 1053 990 1086 canis
1014 1054 1175 1094 Erigones
1195 1065 1271 1087 meae
1282 1055 1370 1087 rabie
1383 1055 1578 1096 corripitur-⁴
1610 1055 1662 1088 lte
1676 1057 1714 1088 12'-

243 1098 328 1129 benti
343 1098 460 1138 animo,
486 1098 643 1129 recondite
655 1107 709 1129 vos
723 1098 757 1129 in
772 1101 866 1128 terroe
880 1098 999 1128 viscera
1010 1107 1023 1135 ‚·
1045 1107 1103 1137 ego
1117 1107 1171 1128 vos
1188 1101 1296 1139 postea
1310 1098 1454 1130 revocabo
1468 1098 1559 1139 pleno
1571 1099 1670 1139 alveo,
1683 1102 1714 1130 et

242 1151 360 1172 mecum
381 1141 482 1172 colent
498 1150 551 1171 vos
565 1141 722 1179 mortales,
743 1144 773 1172 et
794 1140 828 1172 in
849 1143 974 1181 partem
988 1140 1123 1171 venietis
1136 1150 1311 1181 munerum,
1333 1151 1403 1182 «μαι»
1427 1142 1564 1182 plurimu
1585 1146 1658 1174 sunt
1681 1143 1715 1173 in

243 1184 322 1215 meis
335 1184 456 1215 sacris.-
477 1183 624 1223 repellam
638 1187 789 1215 nocturna
801 1183 896 1222 fiir-ta
910 1183 1096 1214 lascivorum
1107 1182 1308 1225 Satyrorum,
1323 1188 1353 1215 et
1369 1185 1497 1224 rapinas
1507 1185 1717 1226 petulantium

246 1226 441 1259 Faunorum.
486 1226 599 1267 Dixit,
623 1230 654 1259 et
669 1226 745 1258 levis
757 1226 881 1267 squalor
895 1227 981 1257 tisus
994 1228 1041 1258 est
1054 1227 1176 1258 vultum
1190 1226 1316 1259 illarum
1332 1227 1533 1269 perfundere,
1553 1231 1586 1260 et
1600 1228 1717 1260 virides

864 1320 1060 1333 “O‘OO‘OOO
1064 1322 1103 1334 θ’

206 1425 209 1428 .
248 1399 308 1431 ille
338 1398 507 1438 restituit,
538 1408 684 1440 eumque
710 1398 820 1430 secuti
843 1402 923 1431 sunt
948 1399 1072 1431 Barth.
1097 1399 1211 1431 veen.
1236 1402 1274 1431 et
1294 1398 1425 1440 Delpb.
1470 1398 1610 1430 Nemeen
1633 1406 1719 1429 unus

250 1442 377 1475 Behot.
393 1442 544 1483 optimus
562 1441 782 1478 Barthianus,
797 1442 919 1483 aliique
933 1442 1100 1473 nonnulli.
1147 1442 1218 1473 Pro
1233 1441 1322 1473 bellis
1337 1441 1429 1473 idem
1446 1441 1557 1473 codex
1571 1440 1721 1481 optimus

249 1485 360 1517 habet
376 1485 573 1517 heum—690
599 1485 733 1517 Phoebus
755 1485 796 1516 ud
819 1484 878 1516 huc
899 1486 991 1517 Dan.
1008 1485 1090 1516 Pnt.
1105 1484 1228 1516 petav.
1245 1484 1477 1524 Lindenbrog.
1495 1488 1532 1515 et
1547 1483 1649 1515 Cruc-
1681 1484 1722 1514 ud

250 1529 320 1560 ἡαπ·
347 1527 482 1560 Buslid.
511 1528 612 1560 Laur.
638 1528 746 1568 Lang.
770 1537 856 1559 nnus
883 1528 1009 1559 Behot.
1034 1527 1138 1559 Aldd.
1167 1527 1279 1559 Colin.
1308 1527 1445 1568 Gryph.
1477 1526 1581 1558 Basil.
1602 1526 1721 1558 Plant-

255 1571 404 1604 Gevart.
424 1575 462 1602 et
485 1570 643 1602 Grasser.
666 1572 707 1602 ud
731 1571 787 1602 hoc
804 1570 891 1602 alter
907 1571 1031 1602 Behot.
1047 1580 1164 1601 ornnes
1180 1569 1375 1609 Baranam,
1398 1570 1550 1610 Lipsian.
1563 1569 1723 1601 Petrens.

256 1616 345 1647 Exc.
369 1614 517 1646 Cantab.
544 1613 686 1647 Taurin.
714 1613 861 1644 Amstel.
886 1613 1039 1645 Gronov.
1065 1613 1184 1644 Barth.
1211 1614 1320 1644 Veen.
1350 1617 1387 1644 et
1414 1612 1541 1653 Delph.
1563 1612 1600 1643 ni
1623 1614 1724 1643 cessat

260 1661 409 1699 uterque
426 1657 665 1689 Behot.—694
693 1656 830 1687 Eliciam
844 1665 914 1697 quae
929 1658 1011 1687 dona
1037 1665 1122 1687 unus
1143 1656 1373 1688 Retron—69⁷
1397 1655 1485 1687 Dan.
1501 1664 1586 1686 unus
1602 1655 1727 1686 Behot.

262 1701 390 1732 Petav.
405 1701 514 1740 Lang.
531 1700 632 1732 Laut.
646 1699 780 1730 Buslid.
798 1699 953 1739 Lipsian.
969 1699 1113 1730 Venett.
1129 1699 1228 1730 Rom.
1254 1698 1359 1730 Aldd.
1377 1698 1488 1730 Colin.
1509 1697 1642 1739 Gryph.
1658 1697 1728 1728 Ba-

260 1743 314 1774 sil.
331 1744 449 1775 Plant.
471 1743 614 1774 Gevart.
641 1741 879 1782 Lindenbrog.
906 1742 1010 1774 Cruc.
1035 1741 1196 1774 Grasser.
1220 1747 1257 1772 et
1281 1740 1426 1773 Anistel.
1449 1740 1588 1778 astilli5
1609 1748 1726 1772 omnes

262 1785 489 1827 Gronoviani‚
515 1785 664 1827 optimus
693 1785 918 1826 Barthianus‚
939 1785 1028 1817 alter
1054 1785 1179 1816 Behot.
1216 1784 1372 1817 Gronov.
1398 1783 1521 1816 Barth.
1549 1784 1660 1816 Vcen-
1689 1787 1728 1815 et

925 1882 1068 1914 NOTAE

305 1946 455 1988 Nemees]
478 1946 590 1978 Fluvii
611 1947 665 1978 vel
681 1945 800 1979 fontis.
847 1947 967 1978 Nostra

259 2001 294 2031 in
310 1997 438 2038 moenz'a]
459 1997 607 2034 Thebas,
620 1997 700 2039 quia
711 1997 868 2029 Bacchus
880 1998 968 2029 The-

263 2051 386 2083 banus.

305 2103 370 2133 689
393 2100 447 2131 Ex
462 2099 541 2141 alto]
570 2099 624 2131 Ex
643 2098 828 2140 superficie
852 2102 967 2130 terrae.

270 2151 430 2193 Guyetus.

306 2205 370 2233 690
394 2201 446 2233 Ad
461 2199 532 2241 hoc]
566 2200 650 2240 Pro,
680 2204 862 2242 praeterea.
907 2200 971 2231 Te-

265 2253 395 2284 rentius
423 2251 613 2293 Adelphis:
637 2253 752 2284 ‘Satis
779 2252 888 2283 adhoc
913 2256 973 2282 tua

266 2314 327 2335 nos
366 2302 534 2334 frustrata
571 2306 626 2334 est
662 2301 773 2333 fides)
831 2302 973 2333 Tacitus

269 2354 403 2386 Hister.
419 2362 446 2385 1.
475 2354 485 2370 ‘
498 2352 603 2384 Multi
619 2353 730 2384 adhoc
746 2352 906 2385 numeri)
929 2353 975 2383 Et

266 2404 448 2436 Sallustius
460 2403 597 2444 passim.
624 2402 694 2434 Alii
706 2402 844 2435 codices
855 2403 974 2443 adhoec,

269 2456 324 2488 vel
337 2456 448 2487 adhuc.

312 2509 374 2538 691
400 2506 543 2546 Meoeque
564 2504 700 2543 AEstzser
723 2504 880 2544 Erigones
903 2513 977 2544 spu-

269 2564 335 2593 mat
348 2558 450 2599 canis]
474 2557 642 2597 intelligit
656 2557 861 2596 caniculam,
875 2566 978 2598 quam

271 2610 407 2651 fingunt
439 2607 560 2640 Poetae
587 2606 694 2638 fuisse
723 2606 908 2647 Erigones,
936 2614 978 2636 ac

272 2659 490 2693 contabuisse
502 2658 634 2697 dolore,
651 2657 742 2699 quod
760 2657 898 2689 Icarum
920 2656 980 2687 lic-

272 2722 347 2746 rum
363 2722 383 2743 a
397 2709 592 2752 pastoribus
604 2709 766 2748 occisum,
781 2708 980 2749 Erigonem-

276 2772 343 2805 que
369 2762 444 2803 ejus
465 2760 572 2791 filiam
600 2759 703 2791 vitam
726 2760 850 2801 laqueo
866 2758 982 2790 finisse

276 2813 445 2845 vidisset:
469 2811 512 2842 ob
530 2820 631 2852 quam
655 2810 819 2851 pietatem
841 2809 981 2851 Jupiter

1022 1957 1096 1978 eam
1125 1956 1193 1978 una
1218 1955 1295 1978 cum
1323 1945 1473 1988 Erigone
1501 1949 1538 1978 et
1566 1944 1667 1977 Icaro
1695 1945 1730 1977 in

1022 1999 1143 2029 coeluin
1161 1996 1350 2028 transtulit.
1375 1995 1505 2028 Abhac
1519 1996 1621 2027 stella
1634 1997 1644 2013 ‘
1657 1995 1731 2027 dies

1023 2047 1257 2079 caniculares'
1280 2047 1366 2079 dicu
1392 2050 1484 2087 sunt,
1507 2051 1544 2078 et
1564 2046 1639 2086 ipsa
1653 2056 1732 2078 cuin

1025 2099 1098 2130 sole
1144 2098 1331 2139 conjuncta
1371 2097 1518 2129 calorem
1565 2095 1732 2137 duplicat.

1027 2147 1128 2188 Meae]
1152 2149 1244 2181 Quia
1274 2147 1427 2189 Erigone
1452 2145 1525 2177 filia
1546 2150 1622 2178 erat
1641 2145 1735 2178 Icari

1029 2200 1162 2232 comitis
1179 2198 1322 2231 Bacchi.
1369 2197 1521 2239 Spumat]
1544 2196 1654 2228 nabin
1669 2197 1736 2229 sci.-

1029 2251 1111 2282 licet
1130 2259 1191 2291 per
1204 2254 1325 2280 aestum
1341 2252 1535 2288 correptus.

1070 2303 1134 2332 695
1158 2300 1323 2331 Licentum
1352 2298 1579 2340 Cornipedum]
1611 2297 1739 2338 Panes,

1027 2351 1182 2394 Sylvani,
1205 2349 1325 2388 Fauni,
1351 2349 1481 2390 Satyri,
1506 2348 1567 2379 Dii
1583 2353 1738 2389 agrestes

1032 2403 1137 2444 pedes
1174 2410 1378 2441 caprearum
1419 2399 1547 2431 habere
1576 2398 1738 2430 dicebau-

1032 2459 1110 2486 tur:
1135 2453 1265 2484 salaces
1291 2451 1449 2491 inultum,
1470 2456 1507 2482 et
1530 2449 1649 2481 lascivi
1664 2458 1738 2481 crc-

1032 2505 1110 2537 diti.

1075 2558 1139 2587 697
1162 2553 1222 2586 Ast
1251 2553 1318 2585 illis
1347 2551 1469 2584 tenuior
1499 2549 1631 2592 [tennis]
1660 2549 1741 2581 Bini

1035 2607 1184 2638 omnium
1201 2603 1332 2645 optimi,
1349 2603 1481 2634 tenuior.
1524 2600 1593 2633 Qui
1612 2600 1740 2642 possim

1035 2655 1223 2697 spernere?
1238 2663 1368 2685 memor
1383 2653 1474 2684 illius
1485 2650 1596 2683 Theb.
1612 2660 1651 2682 v.
1665 2652 1741 2683 60⁷.

1036 2711 1045 2725 ³
1057 2705 1189 2737 Tenuia
1206 2713 1284 2735 ossa
1300 2700 1444 2744 patent,’
1466 2700 1525 2732 ubi
1548 2701 1655 2733 etiarn
1671 2710 1744 2732 mu-

1037 2759 1165 2788 tarant.
1196 2753 1301 2784 Theb.
1326 2760 1380 2783 u.
1414 2751 1596 2782 ‘obnubit
1627 2751 1745 2783 tenuia

1037 2815 1099 2839 ora
1129 2803 1258 2837 comis.‘
1292 2802 1400 2836 Theb.
1436 2811 1473 2835 x.
1518 2802 1743 2836 *lustrantem
