1820 3068
226 177 342 219 1016
728 188 768 219 P.
803 187 1002 218 PAPINlt
1029 187 1196 222 s'rATu

228 282 299 325 Ac
322 282 455 325 simul
473 281 749 325 infrendens:
781 283 900 325 Siste
918 283 1053 335 hunc,
1074 296 1252 335 vesane,
1273 284 1482 336 furorem,

228 350 448 406 Quisquis
467 363 529 392 es.
577 350 636 392 Et
656 351 822 405 pariter
840 350 1097 406 Capaneus,
1117 364 1303 407 acerque
1322 352 1507 396 reducto

228 419 370 461 Affuit
392 419 728 475 Hippomedon,
748 423 960 475 rectoque
982 419 1297 475 Erymanthius
1316 434 1438 472 ense,

225 487 297 529 Ac
310 487 522 542 juvenem
543 488 680 530 multo
702 488 1002 543 perstringunt
1021 489 1212 531 lumine:
1244 492 1291 531 at
1312 489 1416 532 inde

223 554 460 610 Agrestum
481 569 560 610 pro
583 569 686 610 rege
706 569 894 598 manus:
927 569 1042 610 quos
1058 557 1167 598 inter
1188 556 1414 599 Adrastus

224 622 399 674 Mitior,
420 628 466 665 et
485 624 623 668 sociae
645 625 811 666 veritus
832 626 1103 667 commercia
1125 625 1250 669 vittae

224 690 530 746 Amphiaraus
551 693 641 734 ait:
675 692 748 734 Ne
770 704 952 747 quaeso:
984 692 1188 734 absistite
1208 693 1341 744 ferro,

227 759 359 801 Unus
379 763 522 823 avum
535 762 732 815 sanguis,
752 774 864 802 neve
880 760 1104 814 indulgete
1124 760 1264 803 furori
1281 775 1292 803 z

225 827 387 883 Tuque
408 829 544 883 prior.
596 829 688 872 Sed
710 843 798 871 non
819 829 977 871 sedato
997 834 1179 884 pectore
1196 829 1380 884 Tydeus

225 896 443 951 Subjicit:
474 896 602 938 Anne
623 898 783 939 ducem
805 897 1178 952 servatricemque
1199 898 1393 940 cohortis

226 963 427 1006 Inachiae
448 964 633 1019 ingratis
654 978 801 1007 coram
823 969 888 1007 tot
907 965 1105 1006 millibus
1126 965 1266 1007 audes

227 1032 431 1074 Mactare
452 1033 495 1074 in
517 1033 749 1075 tumulos?
780 1033 956 1088 (quanti
975 1046 1056 1088 pro
1077 1034 1244 1076 funeris
1265 1033 1429 1089 ultori)

226 1099 311 1141 Cui
333 1113 529 1154 regnum,
551 1103 807 1156 genitorque
826 1101 994 1152 Thoas,
1015 1106 1059 1144 et
1077 1102 1255 1144 lucidus
1278 1102 1405 1145 Evan

225 1168 387 1223 Stirpis
409 1182 545 1211 avus:
577 1170 807 1212 tumidone
829 1183 999 1224 parum,
1019 1170 1157 1225 quod,
1177 1171 1382 1225 gentibus
1396 1171 1508 1213 actis

1609 420 1698 464 665

1566 757 1698 805 *6⁴70

1609 1102 1701 1148 675
1736 1063 1739 1065 ·

223 1276 316 1316 hiem,
332 1276 456 1316 insane}
478 1281 619 1322 quisquis
641 1281 698 1321 sis,
712 1285 806 1322 atque
822 1292 884 1313 una
903 1282 1066 1322 Capaneus
1085 1281 1224 1321 advenit,
1240 1281 1398 1322 feroxque
1413 1279 1632 1321 Hippomedon
1645 1288 1695 1311 re-

224 1322 354 1358 troacto,
378 1326 409 1353 et
429 1323 655 1364 Erymanthius
680 1328 826 1366 protenso
848 1325 970 1364 gladio,
998 1328 1029 1355 et
1052 1326 1273 1365 perstringunt
1286 1324 1434 1363 juvenem
1446 1323 1579 1362 fulgore
1593 1330 1695 1354 armo-

222 1372 305 1394 rum.
350 1364 395 1396 At
407 1365 479 1397 inde
494 1367 585 1398 turba
599 1368 786 1399 rusticorum
800 1368 939 1399 accurrit
952 1376 1012 1408 pro
1025 1367 1181 1408 principe.
1220 1367 1310 1398 Inter
1323 1375 1400 1406 quos
1412 1366 1511 1398 lenior
1522 1365 1695 1408 Adrastus,

219 1408 251 1436 et
267 1407 480 1448 Amphiaraus
499 1420 649 1441 venerans
663 1411 844 1442 societatem
859 1410 1029 1441 communis
1043 1411 1145 1447 vittoe,
1169 1410 1292 1451 inquit.-
1317 1409 1380 1446 Ne,
1400 1419 1467 1448 oro,
1486 1411 1696 1450 perseverate,

221 1448 377 1481 abstinete
382 1451 489 1492 ferro,
502 1462 543 1484 ex
557 1454 663 1484 eadem
677 1463 782 1485 omnes
793 1457 887 1494 genle
902 1453 966 1484 orti
978 1462 1094 1489 sumus,
1109 1463 1205 1494 neque
1220 1456 1344 1484 tantum
1356 1452 1415 1484 iroe
1429 1450 1627 1484 meatu-bite.
1650 1451 1697 1483 Et

220 1493 256 1522 tu
269 1493 368 1539 prior.
414 1494 480 1527 Sea
499 1495 621 1536 Tydeus
634 1496 718 1527 haud
737 1500 846 1537 pacato
861 1496 966 1527 animo
980 1496 1079 1534 refert
1092 1506 1103 1528 .·
1122 1495 1216 1534 Anne
1229 1496 1325 1527 audes
1337 1505 1432 1536 supra
1445 1494 1581 1533 infantis
1594 1494 1698 1542 sepul·

221 1543 310 1566 crum
324 1535 404 1578 (pro
418 1538 506 1578 cujus
527 1539 639 1571 mortis
652 1540 770 1571 vindex
778 1539 810 1579 l)
824 1539 984 1571 immolare
997 1540 1120 1578 ducem,
1135 1542 1168 1571 et
1183 1538 1394 1571 liberatricem
1409 1537 1527 1578 Argivi
1539 1538 1698 1568 exn-ema

221 1577 255 1608 in
269 1584 434 1620 conspectu
448 1584 495 1612 tot
509 1581 656 1619 millium,
670 1583 724 1623 qui
738 1583 862 1623 ingrati
877 1586 978 1614 essent
993 1581 1056 1614 nisi
1071 1591 1139 1613 eam
1153 1582 1358 1622 defenderent
1366 1591 1379 1619 ‚·
1391 1580 1443 1613 cuc
1455 1583 1503 1612 est
1516 1578 1694 1620 imperim,·

223 1623 256 1652 et
268 1622 320 1654 eui
330 1626 424 1663 pater
440 1624 554 1662 Thoas,
569 1629 600 1656 et
613 1625 766 1666 fulgidus
780 1626 927 1658 Bacchus
938 1625 1063 1665 generis
1077 1634 1153 1656 avus
1167 1628 1225 1657 est.
1261 1625 1422 1657 Parumne
1437 1627 1484 1656 est
1495 1622 1557 1655 eibi
1567 1621 1694 1664 muido,

849 1710 885 1722 OC
891 1709 984 1722 '‘O“
990 1710 1086 1722 ‘0000

185 1775 188 1778 ’
221 1771 321 1805 dice:
343 1777 506 1815 protentat
531 1778 780 1816 pectora—665
807 1776 973 1809 Nonnulli
1001 1775 1101 1807 codd.
1127 1779 1287 1816 rectorque
1310 1774 1564 1816 Erymanthium
1600 1772 1693 1815 quod
1751 1790 1754 1793 -

227 1816 352 1857 reiecit
381 1818 597 1858 Lactantius,
627 1819 799 1860 probante
825 1819 1088 1851 Batnae—666
1112 1818 1222 1850 Codd.
1248 1817 1510 1858 Lindenhrogii,
1525 1816 1692 1858 praestrin-

218 1862 424 1898 gunt—668
461 1861 582 1893 Mitius
606 1872 693 1893 unus
719 1862 956 1894 Belius-669
979 1862 1140 1903 Optimus
1168 1861 1397 1893 Barthinnus:
1435 1860 1488 1892 Ne
1515 1870 1631 1901 queso,
1655 1869 1694 1892 ne

218 1901 457 1941 sistiteserrum
466 1916 479 1942 ;
504 1904 593 1936 unde
610 1905 774 1937 Barthins
790 1915 800 1937 z
822 1915 874 1945 ne,
890 1914 1006 1946 quoeso,
1025 1904 1166 1936 insistite
1174 1904 1265 1943 ferro
1274 1914 1288 1942 ‚·
1310 1903 1436 1935 Betim.
1451 1906 1483 1935 1.
1505 1913 1565 1935 non
1581 1911 1695 1944 (μου.

221 1948 329 1981 τ-672
352 1947 449 1979 Unus
474 1947 596 1979 Barth.
612 1948 896 1980 cononum—674
921 1948 1067 1979 Mactm
1079 1948 1115 1979 in
1129 1948 1281 1978 tumulum
1304 1955 1421 1978 omnes
1436 1945 1539 1978 codd.
1555 1945 1693 1977 Barthi-

220 1988 397 2021 ant—6⁷6
419 1990 574 2032 Optimae
599 1991 737 2022 Barthii
761 1991 984 2031 membranae,
1009 1990 1122 2022 codex
1137 1990 1256 2022 Burm.
1282 1989 1317 2022 in
1344 1998 1453 2032 marg.
1480 1992 1517 2021 et
1531 1988 1696 2020 Petrens-

891 2074 1033 2108 NOTAE

263 2141 326 2171 665
366 2138 608 2180 Erymanthius]
655 2140 932 2182 Parthenopaeus
985 2139 1093 2172 frater
1122 2139 1253 2172 Pheres
1274 2138 1350 2177 fuit,
1381 2148 1427 2171 ex
1449 2148 1516 2181 qno
1554 2137 1694 2187 genitus

219 2188 329 2221 Arcas
343 2188 387 2220 ab
412 2189 626 2231 Erymantho
641 2195 759 2222 monte
775 2195 813 2223 et
826 2189 931 2223 fluvio
987 2192 1167 2232 Lycurgus
1197 2190 1253 2222 ille
1284 2190 1328 2222 de
1358 2199 1426 2232 quo
1466 2189 1523 2221 hic
1554 2189 1691 2230 agitur:

219 2239 397 2272 Arcadiae.

262 2293 328 2322 666
349 2289 517 2332 Juvenem]
539 2291 749 2333 Lycurgum.

261 2343 327 2372 668
362 2340 464 2373 δαείω
485 2343 670 2373 commercia
690 2343 796 2384 vittoe]
841 2343 931 2376 Quia

219 2392 396 2435 Lycurgus
409 2392 568 2424 sacerdos
581 2397 668 2424 erat.
701 2393 803 2426 Vitta
815 2398 931 2426 autem

221 2444 356 2484 insigne
372 2443 601 2476 sacerdotum.

265 2498 329 2527 670
359 2495 449 2526 Unus
477 2503 571 2526 avum
599 2495 746 2536 sanguis]
763 2495 861 2529 Quia
883 2495 930 2527 A-

216 2546 364 2586 drastus,
408 2545 597 2586 Lycurgus,
637 2550 675 2577 et
701 2545 931 2588 Amphiaraus

219 2606 262 2628 ex
291 2595 415 2628 eadem
443 2599 548 2636 gente
574 2596 642 2628 orti
669 2601 783 2637 erant,
803 2601 840 2628 et
864 2597 930 2628 ori-

218 2647 303 2679 undi
328 2657 349 2678 a
379 2646 530 2679 Cretheo
553 2646 642 2679 AEoli
668 2646 753 2687 filio,
777 2651 815 2679 ut
831 2646 931 2679 disci·

217 2707 293 2730 nius
326 2706 371 2728 ex
386 2696 599 2738 Apollodoro
631 2697 798 2731 Biblioth.
826 2697 886 2730 lib.
904 2707 930 2729 r.

219 2749 311 2782 Nam
346 2746 575 2789 Amythaonis
622 2749 744 2790 proavi
788 2747 930 2780 Adrasti

986 2240 1217 2281 Melampodis
1235 2250 1329 2278 vero,
1342 2239 1460 2275 fratris
1475 2239 1624 2279 Biantis,
1637 2240 1693 2271 avi

985 2291 1139 2328 Adrasti,
1156 2300 1328 2333 pronepos
1343 2295 1418 2323 erat
1435 2289 1678 2332 Amphiaraus.

1027 2346 1091 2375 6⁷3
1130 2342 1285 2383 Inachia]
1316 2342 1467 2384 Argivae.
1535 2341 1697 2384 Ing'mtis]

983 2395 1019 2426 Si
1047 2402 1113 2425 non
1139 2391 1366 2425 defenderent
1389 2391 1569 2425 tam-bene
1593 2391 1693 2425 dese

984 2444 1153 2477 meritam.

1028 2497 1092 2527 674
1116 2495 1262 2527 Mutare
1288 2493 1322 2526 in
1347 2492 1496 2534 tumulos]
1517 2493 1588 2525 Pro
1613 2492 1693 2525 ‘nu-

987 2556 1049 2588 pra
1064 2545 1246 2579 tumulos?
1291 2545 1514 2587 Propertius:
1547 2544 1602 2576 ‘Si
1616 2545 1693 2585 pul-

986 2602 1040 2629 set
1055 2597 1179 2637 inanis,
1197 2595 1328 2628 Surdus
1355 2596 1388 2628 in
1404 2595 1587 2627 obductam
1603 2603 1692 2627 som-

985 2648 1058 2680 niet
1085 2657 1190 2690 usque
1206 2646 1342 2679 seram.’
1388 2645 1510 2682 Quanti
1521 2654 1580 2687 pro
1594 2645 1694 2683 sune-

983 2699 1030 2730 ris
1053 2699 1155 2739 ultor]
1189 2696 1388 2729 Archemori
1417 2696 1553 2729 scilicet
1581 2695 1692 2730 infan-

985 2749 1058 2781 tuli.
1104 2747 1251 2780 Ironice.
