1820 3068
256 195 371 237 1012
756 208 796 238 P.
832 209 1023 239 PAPlNH
1060 210 1227 242 s‘rA'rn

256 301 511 356 Intexitque
531 302 689 353 comis,
712 304 894 346 tandem
912 305 1067 348 laxata
1089 306 1242 349 dolore

257 370 369 412 Vox
389 370 559 411 invenit
579 370 677 422 iter,
699 372 978 426 gemitusque
998 373 1043 414 in
1061 374 1197 416 verba
1219 374 1380 418 soluti:

258 438 299 480 Ο
322 437 430 479 mihi
452 438 640 480 desertae
662 444 869 482 natorum
889 441 1034 483 dulcis
1054 442 1216 496 imago,

257 505 555 548 Archemore:
588 520 615 547 o
638 519 781 549 rerum
802 511 845 549 et
863 509 1024 562 patriae
1049 509 1243 551 solamen
1266 511 1477 562 ademtae;

258 574 526 628 Servitiique
548 574 703 625 decus,
726 576 878 630 quite,
901 589 1002 618 mea
1022 576 1201 630 gaudia,
1226 581 1376 621 sontes
1571 614 1574 616 ,
1641 579 1728 621 610

258 642 511 684 Extinxere
534 642 622 684 Dei
636 644 656 685 ‘l
687 644 820 686 modo
839 657 972 699 quem
994 645 1198 698 digressa
1217 646 1374 701 reliqui
1696 639 1700 642 ’

258 710 500 753 Lascivum
519 715 566 752 et
585 724 726 765 prono
747 717 984 754 vexantem
1006 713 1203 767 gramina
1222 716 1385 757 cursu?

260 779 366 822 Heu
386 780 463 821 ubi
485 779 648 821 siderei
667 780 820 822 vultus
835 782 855 822 'l
885 781 964 823 ubi
985 782 1121 824 verba
1141 782 1293 836 ligatis

260 847 531 903 Imperfecta
550 847 674 889 sonis
691 849 710 889 ‘l
741 850 949 904 risusque
970 855 1016 892 et
1034 863 1257 892 murmura
1277 851 1363 893 soli

258 916 500 959 Intellecta
522 915 629 958 mihi
648 916 668 957 ‘l
702 917 880 971 quoties
901 918 984 959 tibi
1006 917 1223 968 Lemnon,
1243 922 1288 960 et
1308 917 1433 972 Argo
1640 920 1727 962 615

259 984 399 1027 Sueta
417 983 560 1038 loqui,
581 986 626 1026 et
644 983 779 1038 longa
798 997 1001 1026 somnum
1020 985 1207 1027 suadere
1230 987 1405 1040 querela
1419 987 1439 1027 ‘l

260 1051 335 1094 Sic
356 1051 558 1107 equidem
580 1051 728 1094 luctus
748 1053 942 1104 solabar,
961 1058 1006 1095 et
1027 1054 1162 1095 ubera
1185 1067 1323 1108 parvo
1342 1075 1344 1077 ·

258 1120 289 1162 J
293 1133 366 1162 am
385 1123 582 1161 materna
602 1118 779 1170 dabam,
802 1120 877 1161 cui
897 1134 1012 1162 nunc
1035 1121 1156 1164 venit
1176 1122 1324 1163 irritus
1346 1122 1412 1164 ori

260 1184 432 1239 La'ctis,
455 1191 500 1230 et
518 1187 678 1229 infelix
699 1188 746 1229 in
767 1189 947 1231 vulnera
967 1190 1152 1244 liquitur
1172 1190 1325 1232 imber.

260 1255 421 1298 Nosco
443 1256 570 1298 Deos
588 1270 598 1299 ε
630 1269 658 1298 o
677 1256 787 1300 dura
807 1258 894 1299 mei
915 1259 1137 1312 praesagia
1157 1257 1320 1309 somni,
1639 1259 1727 1302 620

259 1323 570 1379 Nocturnique
585 1326 748 1382 meum,
770 1330 816 1367 et
836 1339 1059 1381 nunquam
1082 1326 1258 1380 impune
1276 1338 1353 1380 per
1372 1326 1554 1368 umbras

1704 1412 1712 1429 Ι

251 1449 359 1489 fantis
376 1451 524 1490 membra,
545 1462 639 1494 eaque
653 1452 793 1485 crinibus
805 1453 871 1485 suis
886 1454 1054 1494 cooperuit,
1076 1455 1200 1485 tandem
1215 1463 1276 1486 vox
1290 1455 1392 1486 soluta
1405 1453 1468 1486 sibi
1483 1454 1566 1486 viam
1583 1447 1684 1493 stein
1695 1455 1729 1484 ee

255 1495 395 1533 gemitus
408 1496 442 1527 in
458 1496 538 1527 hunc
552 1505 722 1528 sermonem
735 1500 808 1528 sunt
830 1498 991 1537 expediti.-
1017 1498 1045 1526 0
1071 1497 1269 1536 Archemore,
1288 1501 1386 1537 grata
1408 1497 1527 1539 effigies
1552 1497 1730 1535 liberorum,

258 1547 333 1577 quos
347 1537 507 1578 habebam,
531 1548 600 1570 cum
614 1540 715 1570 Jason
739 1549 787 1571 me
810 1540 957 1580 reliquit.-
980 1550 998 1570 o
1016 1539 1159 1577 sortunae
1183 1540 1334 1580 levamen,
1355 1543 1387 1572 et
1411 1543 1526 1581 erepto?
1546 1539 1674 1581 pam'oe,
1696 1542 1728 1570 et

258 1580 358 1611 honor
374 1591 450 1613 meoe
463 1581 636 1618 servitutis,
659 1592 729 1623 quae
749 1583 878 1614 scelesta
902 1582 1030 1614 numina
1051 1582 1274 1620 interfecerunt
1295 1586 1339 1622 te,
1358 1593 1442 1614 meas
1454 1583 1604 1615 delicias?
1627 1582 1729 1616 Quem

259 1624 347 1654 modo
362 1624 524 1656 discedens
538 1624 651 1665 reliqui
666 1626 833 1664 ludentem,
859 1628 891 1656 et
917 1629 1068 1658 terentem
1083 1626 1193 1657 herbas
1206 1635 1302 1666 prono
1317 1635 1408 1658 cursu
1419 1626 1517 1659 &lieu
1528 1625 1581 1657 ubi
1595 1634 1652 1655 ora
1667 1634 1727 1659 ‹³oe-

259 1665 373 1697 lestia?
397 1667 449 1699 ubi
473 1667 564 1699 verba
589 1671 701 1699 trunca
724 1669 935 1709 inea-planatis
961 1668 1066 1699 sonis?
1087 1668 1140 1699 ubi
1164 1668 1258 1707 risus,
1282 1679 1320 1700 ac
1337 1667 1459 1700 susurri
1473 1678 1553 1700 ame
1566 1669 1633 1699 nota
1646 1677 1728 1699 com-

256 1709 423 1749 prehensi?
448 1710 580 1746 Quoties
601 1711 695 1742 solita
722 1721 808 1743 eram
835 1721 1004 1743 memorare
1029 1710 1089 1742 tibi
1115 1710 1264 1751 Lemnon,
1287 1722 1324 1743 ac
1339 1711 1441 1753 Argo,
1461 1721 1498 1743 ac
1517 1720 1656 1743 somnum
1668 1709 1729 1741 libi

257 1752 424 1784 conciliare
445 1753 580 1794 prolixis
603 1751 742 1786 noeniis?
774 1753 828 1785 Sic
852 1754 991 1794 equidem
1006 1753 1174 1785 mulcebam
1189 1764 1347 1786 moerorem
1363 1764 1476 1794 nucum,
1499 1757 1532 1786 et
1553 1752 1728 1796 praebebam

257 1804 407 1827 mammas
420 1795 540 1835 infanti
552 1796 624 1835 jam
638 1799 778 1828 materno
792 1797 922 1839 affectu,
938 1797 989 1828 cui
1003 1806 1084 1828 nunc
1097 1796 1181 1828 venit
1196 1797 1231 1828 in
1250 1806 1303 1828 ore
1317 1797 1440 1829 inutilis
1455 1797 1558 1838 liquor
1571 1796 1675 1837 lactis,
1695 1798 1728 1828 et

258 1837 373 1876 infelix
388 1839 421 1870 in
434 1840 545 1879 plagas
559 1839 683 1881 defluit.
708 1840 855 1880 [melligo
870 1840 965 1871 Deos.
991 1840 1020 1869 Ο
1031 1839 1170 1871 crudelia
1179 1840 1284 1871 omina
1294 1840 1394 1872 somni
1404 1840 1478 1879 mei,
1488 1844 1518 1872 el
1529 1839 1673 1871 nocturni
1683 1839 1727 1870 ti-

258 1889 369 1918 mores,
381 1892 418 1913 ac
434 1882 538 1914 Venus
547 1891 702 1923 nunquam
711 1886 918 1915 consternatae
928 1882 1006 1914 mihi
1009 1882 1139 1921 frustra
1150 1883 1182 1914 in
1194 1882 1330 1915 tenebris
1341 1883 1505 1925 apparuil.'
1516 1882 1578 1915 Sed
1589 1892 1658 1924 quoe
1668 1890 1728 1914 nu-

873 1975 1111 1989 eeeeeeeeeeee

256 2045 471 2084 paret.-—606
494 2043 572 2076 Nic.
591 2043 757 2075 Heinsius
774 2043 816 2075 ad
842 2043 949 2076 ovid.
965 2042 1108 2075 Hei-oid.
1128 2043 1239 2085 Epist.
1258 2052 1319 2075 xv.
1337 2046 1414 2076 113.
1429 2043 1604 2076 correxit:
1638 2046 1725 2085 post-

259 2096 351 2127 quam
371 2088 481 2118 laxata
494 2087 616 2124 dolori,·
641 2087 763 2119 Behot.
783 2089 813 2118 1.
834 2091 871 2119 et
887 2086 1040 2118 nonnulli
1055 2087 1158 2119 codd.
1178 2086 1343 2118 Gronovii
1358 2088 1490 2119 lassata.
1534 2086 1623 2118 Vide
1640 2087 1728 2119 Gro-

260 2139 337 2161 nov.
355 2129 459 2161 Obss.
475 2129 533 2161 lib.
549 2139 588 2161 n.
615 2139 692 2171 cap.
708 2132 872 2161 20.-611
898 2130 947 2163 In,
957 2130 1088 2170 optimo
1103 2130 1240 2161 Barthii
1255 2130 1375 2163 codice
1390 2140 1399 2161 :
1422 2130 1581 2169 disgressa
1599 2129 1725 2170 reliqui.

259 2174 368 2203 —612
393 2173 489 2204 Unus
518 2172 644 2205 Behot.
675 2177 713 2204 et
749 2172 900 2213 optimus
931 2173 1087 2204 Barthii:
1121 2175 1297 2205 versantem
1328 2173 1596 2212 gremium—615
1619 2171 1728 2222 Argos

262 2215 368 2256 Lang.
389 2216 490 2247 Laur.
507 2215 639 2247 Buslid.
656 2216 745 2247 Dan.
758 2215 838 2247 Put.
852 2215 975 2247 Petav.
994 2215 1146 2257 Lipsian.
1161 2219 1198 2246 et
1213 2216 1291 2246 edd.
1308 2220 1395 2248 vett.
1439 2215 1550 2255 Argon
1563 2214 1727 2247 Bai-thius
1747 2235 1749 2238 ι

261 2267 305 2289 ex
322 2258 465 2299 optimo.
509 2258 600 2299 Argo
618 2259 747 2299 primus
763 2258 872 2289 edidit
889 2258 1207 2290 Gronovius.—618
1229 2258 1311 2291 Put.
1326 2257 1441 2290 irritus
1454 2257 1659 2290 urbm-619
1683 2257 1723 2288 In
1778 2279 1780 2282 ψ

261 2301 401 2342 optimis
417 2301 521 2334 codd.
538 2301 696 2335 Barthii:
717 2301 759 2333 ah
783 2300 923 2340 inselix;
945 2301 1036 2334 unde
1053 2301 1111 2333 ille
1128 2301 1236 2343 legit:
1258 2301 1309 2333 cui
1332 2310 1414 2333 nunc
1435 2301 1521 2333 teuit
1542 2301 1656 2333 irritus
1678 2300 1728 2332 ori

920 2386 1067 2419 NOTAE

303 2456 368 2485 eos
405 2454 435 2485 0
464 2435 543 2485 miza
578 2454 722 2495 desertae]
760 2453 899 2494 Viduae,
932 2457 970 2485 et
1021 2452 1089 2493 nie]
1111 2451 1275 2484 videm).
1297 2453 1528 2494 supamoo.

260 2505 422 2546 captivae,
439 2516 458 2537 a
474 2505 558 2536 meis
574 2505 731 2537 omnibus
747 2504 911 2537 desertae.
1064 2508 1127 2538 615
1150 2504 1257 2547 Argo]
1283 2503 1510 2546 Argonautas.

303 2559 367 2588 610
392 2556 584 2597 Servitiique
598 2556 706 2597 decus]
730 2554 824 2589 Quia
839 2554 967 2598 Hypsi·
1064 2558 1130 2588 616
1155 2554 1305 2596 Querela]
1329 2554 1398 2587 Hie
1424 2552 1603 2586 delendum
1618 2550 1725 2584 inter-

263 2608 368 2648 pylen
385 2607 557 2639 nutricem
570 2606 716 2639 dederat
732 2616 793 2638 suo
817 2605 887 2638 filio
900 2606 968 2648 Ly·
1022 2599 1209 2648 rogationis
1222 2609 1338 2637 notam
1356 2609 1477 2637 censet
1489 2602 1675 2636 Geni-tius
1690 2606 1726 2635 et

260 2666 407 2697 curgus3
431 2656 523 2698 quod
547 2656 613 2688 sibi
645 2655 868 2690 honorificum
891 2665 968 2689 esse
1023 2657 1254 2699 Peyraredus.
1766 2650 1769 2652 ’

260 2707 423 2739 ducebat.
1065 2710 1130 2739 618
1152 2704 1317 2747 Materna]
1340 2705 1382 2738 Id
1405 2708 1472 2744 est,
1498 2707 1655 2738 materno
1675 2701 1724 2736 nf-

305 2761 368 2790 013
397 2758 460 2791 Ubi
473 2758 565 2791 verba
579 2759 691 2798 ligatis
716 2758 906 2802 {inperfecta
917 2760 986 2791 soi
1021 2756 1128 2790 fectu.
1696 2755 1698 2757 ’
