1820 3068
247 262 335 306 834
752 275 794 306 Ρ.
829 275 1023 307 nemu
1055 276 1222 309 s'rArn

249 369 337 411 Seu
355 368 564 413 foecunda
583 369 714 412 refert
731 370 901 424 placidi
923 371 1163 415 clementia
1184 372 1298 416 Nili.

250 436 465 480 Fixerunt
482 450 664 480 cursus:
691 437 775 480 hac
794 451 885 481 rere
905 439 951 480 in
971 440 1162 494 imagine
1180 441 1381 485 Thebas,

252 504 374 546 Nam
397 519 497 547 sese
518 505 692 547 immoti
712 519 837 559 gyro,
859 509 990 562 atque
1012 508 1061 549 in
1081 522 1195 563 pace
1213 510 1410 561 silentes,

250 571 346 615 Ceu
366 574 501 615 muris
521 573 748 628 valloque,
768 577 948 618 tenent:
971 576 1052 618 sed
1072 577 1225 619 fortior
1243 591 1349 621 ecce

248 642 477 684 Adventat
496 655 573 696 per
591 641 723 683 inane
745 641 932 686 cohors:
963 634 1137 699 septem
1157 645 1310 688 ordine
1327 646 1452 689 fulvo

250 709 503 763 Armigeros
523 709 684 751 summi
703 709 735 752 J
738 711 838 753 ovis
860 713 1094 755 exultante
1115 717 1294 756 caterva

250 777 408 820 lntuor
427 790 437 818 ε
468 775 641 819 Inachii
663 785 766 820 sunt
783 777 832 820 hi
851 779 933 822 tibi
953 780 1182 837 (concipe)
1200 795 1340 836 reges·

1636 581 1723 624 530

250 894 313 945 hos·
328 901 463 946 revocat.
513 897 658 930 Volatum
680 898 845 931 stiterunt.
890 900 997 940 Finge
1021 901 1139 934 Thebas
1161 902 1195 934 in
1220 903 1279 934 hac
1301 902 1427 944 φορὴ,-
1448 913 1518 935 nam
1533 902 1668 942 immoti,
1689 906 1720 934 et

249 941 354 979 tacztz,
376 951 413 972 ac
438 940 539 982 quieti
551 951 583 973 se
598 945 745 973 natantur
758 942 793 974 in
807 941 923 980 orbem,
946 946 982 974 ut
1007 944 1094 976 intra
1120 945 1245 982 moem‘a,
1269 948 1299 977 et
1325 946 1454 978 vallum.
1499 945 1562 978 Sed
1584 945 1721 978 validius

248 991 363 1031 agmen
384 984 584 1033 acceditper
608 984 722 1016 a'e‘rem.
766 984 894 1024 Aspicit>
918 985 1037 1027 septem
1059 988 1169 1019 ordine
1194 989 1371 1020 exultantes
1385 987 1493 1027 fulvos
1505 989 1618 1021 summi
1630 988 1722 1020 doris

247 1034 431 1066 armegeros.
478 1026 550 1058 szz
565 1027 672 1069 finge,
701 1027 735 1059 hi
757 1031 831 1060 sunt
855 1032 973 1069 septem
994 1030 1088 1062 duces
1109 1031 1314 1071 Argivorum.
1358 1030 1476 1064 Adorei
1499 1035 1572 1064 sune
1595 1031 1720 1064 turbam

868 1128 1106 1141 OOOOOOOOOOOO

250 1191 376 1225 Behot.
398 1202 476 1225 cum
502 1193 672 1226 nonnullis
700 1195 819 1227 Barth.
849 1197 1006 1229 sociarunt
1032 1197 1279 1238 agmina.-—527
1302 1196 1386 1229 Put.
1409 1195 1573 1228 clementia
1595 1195 1720 1228 mli.—

249 1237 314 1266 530
336 1235 490 1268 Joaunes
502 1237 737 1279 Carnotensis,
748 1238 821 1270 sive
835 1239 1106 1280 Salisburiensis,
1129 1250 1229 1281 quem
1246 1243 1384 1279 vocant,
1402 1240 1494 1280 Nug.
1510 1239 1638 1272 Curial.
1658 1239 1719 1271 lib.

250 1287 278 1309 1.
303 1287 380 1319 cap.
397 1282 449 1311 13.
472 1280 634 1321 producit
648 1290 657 1312 :
680 1281 865 1320 sedsortior
879 1286 1063 1315 essa—531
1087 1285 1098 1301 ⁸
1113 1284 1209 1315 Libri
1225 1283 1377 1315 nonnulli
1391 1282 1499 1322 (inter
1514 1292 1597 1324 quos
1613 1281 1719 1314 etiam

249 1320 377 1354 Behot.
393 1321 442 1364 1.)
465 1333 528 1364 pro
555 1327 671 1365 septem
698 1323 827 1356 inferre
853 1325 1010 1358 laborant
1034 1336 1186 1367 παπψρυς
1208 1326 1299 1368 quod
1314 1325 1457 1358 furcillis
1472 1323 1721 1367 rejiciendum?

248 1363 372 1414 Barth.
394 1365 404 1382 ‘
421 1366 529 1398 ordine
545 1367 622 1398 laevo
637 1371 691 1398 est
716 1366 750 1398 in
778 1367 914 1399 duobus
932 1368 1050 1408 libris;
1075 1369 1166 1411 quod
1182 1379 1249 1401 non
1270 1368 1493 1400 admittimus.
1543 1367 1622 1400 Non
1638 1376 1721 1399 eon-

249 1410 357 1438 sentnt
372 1408 463 1440 liber
479 1408 667 1450 princeps!
692 1409 902 1443 Idem—532
925 1410 1024 1443 Idem
1052 1411 1217 1443 Barthins
1241 1421 1284 1443 ex
1310 1411 1432 1443 eodem
1456 1410 1584 1450 optimo
1599 1409 1720 1442 codice

249 1448 407 1490 profert:
431 1453 593 1484 exultante
607 1455 840 1485 comum—533
865 1454 991 1485 Inachii
1015 1454 1081 1486 sint
1103 1455 1137 1486 lu·
1157 1455 1218 1486 tibi
1243 1455 1336 1486 Dan.
1358 1454 1440 1486 Put.
1462 1454 1589 1485 Petav.
1610 1453 1720 1493 Lang-

249 1491 353 1525 Laur.
370 1493 522 1536 Lipsian.
539 1495 673 1528 Buslid.
684 1495 838 1543 „venete
863 1497 961 1529 Rom.
977 1495 1084 1529 Aldd.
1102 1497 1215 1530 Coliu.
1232 1497 1367 1539 Gryph.
1384 1497 1490 1529 Basil.
1506 1496 1622 1530 Plant.
1639 1495 1719 1528 Lin-

913 1604 1060 1638 NOTA-2

247 1673 405 1715 ciconiae,
418 1674 632 1716 hirundines,
645 1674 855 1707 coturnices.
882 1674 957 1707 Pli-

248 1725 326 1758 nius
352 1725 414 1758 lib.
445 1734 483 1758 x.
509 1735 588 1767 cap.
615 1727 669 1757 23.
714 1725 873 1766 ‘Simili,’
895 1725 957 1767 ait,

1009 1679 1143 1708 mentes
1158 1685 1298 1717 campos
1308 1673 1462 1718 quaedam
1478 1673 1625 1706 nondum
1640 1684 1727 1716 per-¹

1008 1724 1104 1758 fecta
1119 1726 1291 1766 animalia,
1305 1725 1367 1758 sed
1379 1734 1455 1758 cum
1466 1724 1612 1767 primum
1627 1725 1718 1757 acci-

247 1777 411 1808 ‘anseres
448 1785 584 1818 quoque
611 1780 648 1808 et
678 1776 792 1808 olores
823 1776 957 1809 ratione

187 1863 190 1866 ⁴
248 1830 465 1859 commeant:
489 1827 550 1858 sed
566 1827 684 1858 borum
698 1827 833 1859 volatus
846 1827 957 1859 cerni-

248 1884 328 1909 tur:
353 1877 597 1909 liburnicarum
612 1886 710 1909 more
731 1881 880 1909 rostrato
896 1878 958 1910 im-

247 1934 334 1970 petu
359 1927 534 1975 feruntur,
549 1927 686 1960 facilius
712 1928 764 1960 ita
788 1927 959 1961 findentes

248 1980 343 2021 aera,
373 1989 475 2022 quam
502 1979 531 2011 si
557 1983 654 2012 recta
675 1977 790 2011 fronte
805 1979 962 2021 impelle·

247 2039 353 2064 rent:
389 2041 408 2063 a
430 2035 530 2072 tergo
557 2030 682 2062 sensim
716 2029 886 2062 dilatante
923 2040 960 2062 se

247 2092 358 2115 cuneo
368 2082 556 2124 porrigitur
567 2090 705 2123 agmen,
716 2081 886 2123 largeque
896 2081 956 2114 im·

247 2133 391 2175 pellenti
407 2132 584 2174 praebetur
599 2140 691 2163 aurae
710 2142 720 2163 z
745 2131 834 2163 colla
849 2131 957 2173 impo-

246 2188 334 2215 nunt
345 2182 646 2225 praecedentibus:
670 2180 781 2213 fessos
797 2180 902 2214 duces
913 2182 957 2214 ad

247 2241 348 2276 terga
371 2233 570 2277 recipiunt!

291 2289 357 2318 527
380 2287 541 2318 Foeeunda
568 2283 748 2324 clementia]
770 2283 868 2315 Bene
895 2284 956 2315 cle-

248 2337 380 2375 mentia,
411 2337 456 2368 ob
493 2335 639 2369 calidam
670 2334 826 2376 AEgyptii
867 2333 956 2366 aeris

247 2386 462 2429 temperiem.
498 2385 672 2426 Foecunda]
709 2385 838 2425 Irrigat
865 2385 956 2416 enim

247 2436 364 2478 Nilus,
393 2441 432 2468 ut
456 2445 573 2468 omnes
603 2435 731 2475 sciunt,
759 2435 958 2477 AEgyptum‚

247 2487 497 2529 soecundusque
522 2486 659 2518 innatat
693 2489 812 2526 terrae,
843 2485 955 2517 ‘adeo

248 2538 446 2571 efficacibus
476 2537 575 2580 aquis
600 2536 644 2568 ad
670 2535 904 2578 generandum
920 2546 954 2567 a·

247 2587 488 2630 lendumque3'
513 2591 552 2619 ut
574 2586 624 2618 ait
647 2586 742 2618 Mela
760 2586 821 2618 lib.
838 2595 863 2618 1.
878 2595 956 2626 cap.

248 2642 282 2670 9.
307 2639 317 2656 ⁴
334 2643 386 2680 ut,
404 2642 534 2680 praeter
556 2637 591 2669 id
607 2637 699 2680 quod
716 2640 828 2669 scatet
851 2636 955 2678 pisci-

247 2689 325 2728 bus,
348 2689 458 2730 glebis
469 2688 573 2720 etiam
587 2686 745 2719 infundat
759 2687 898 2727 animas,
911 2696 956 2719 ex

247 2739 389 2781 ipsaque
405 2739 508 2771 humo
533 2737 654 2770 vitalia
678 2735 831 2778 effingat.
875 2737 956 2769 Hoc

249 2799 290 2821 eo
311 2788 529 2822 manifestum
554 2793 621 2830 est,
637 2788 727 2830 quod
743 2787 804 2820 ubi
819 2787 957 2820 sedavit

247 2839 389 2882 diluvia,
412 2849 452 2873 ac
477 2849 514 2873 se
536 2839 601 2872 sibi
627 2838 790 2880 reddidit,
810 2848 873 2881 per
894 2838 955 2871 hu-

1009 1776 1143 1818 pientia
1157 1777 1327 1819 spiritum,
1341 1780 1379 1808 et
1394 1785 1437 1807 ex
1452 1780 1552 1817 parte
1561 1775 1633 1817 jam
1647 1774 1717 1807 for-

1010 1831 1118 1868 mata,
1145 1837 1187 1858 ex
1213 1832 1314 1868 parte
1340 1826 1451 1858 adhuc
1467 1830 1584 1858 terrea
1605 1825 1719 1858 visun-

1011 1875 1094 1908 tur?
1140 1875 1269 1916 Refert]
1291 1876 1334 1908 In
1367 1876 1556 1917 AEgyptum
1583 1876 1718 1917 supple,

1012 1926 1057 1959 ob
1083 1926 1302 1958 clementiam
1325 1925 1426 1958 aeris.
1471 1925 1599 1958 Placidi
1632 1927 1721 1968 Nili]

1014 1976 1116 2009 Nilus
1132 1977 1374 2009 celeberrimus
1385 1976 1443 2008 ille
1453 1975 1578 2009 fluvius
1589 1977 1717 2019 AEgyp-

1013 2028 1053 2062 ti.
1096 2028 1240 2070 Placidi]
1268 2028 1359 2062 Quin
1385 2026 1444 2059 ubi
1472 2026 1544 2060 ruit
1565 2037 1585 2060 e
1614 2027 1718 2060 Cata-

1012 2079 1127 2121 dupis,
1141 2084 1224 2113 tunc
1239 2079 1328 2111 lenis
1349 2082 1386 2112 et
1406 2078 1594 2111 confractis
1608 2079 1719 2120 aquis,

1011 2130 1209 2174 domitaque
1224 2130 1400 2169 violentia,
1423 2129 1552 2172 aliquid
1581 2133 1618 2162 et
1641 2139 1720 2171 spa-

1011 2181 1060 2213 tio
1077 2180 1185 2213 fessus
1200 2180 1386 2223 IEgyptum
1402 2178 1582 2220 interfluit,
1605 2178 1718 2211 donec

1009 2236 1143 2274 septem
1171 2231 1328 2264 faucibus
1353 2231 1388 2263 in
1400 2230 1600 2273 AEgyptium
1621 2239 1717 2262 mare

1009 2291 1046 2315 se
1057 2286 1206 2314 evomat.

1052 2335 1118 2364 628
1134 2330 1427 2372 Fixeruntcursus]
1448 2331 1581 2373 Supple
1593 2330 1716 2372 Cycni.

1011 2382 1085 2416 Hac
1110 2393 1179 2416 rere
1207 2383 1243 2415 in
1265 2382 1405 2423 imagine
1436 2382 1568 2424 Thebae]
1605 2381 1716 2424 Finge

1009 2434 1071 2467 hos
1097 2434 1233 2476 Gyenos
1249 2437 1503 2474 repraesentare
1524 2431 1715 2465 Thebanos.

1010 2485 1058 2517 Et
1073 2494 1210 2518 causam
1223 2482 1352 2524 reddit,
1365 2492 1428 2515 cur
1440 2492 1504 2525 pro
1517 2481 1644 2515 Thebis
1660 2491 1717 2515 ae-

1010 2536 1079 2578 cipi
1100 2535 1251 2567 debeant
1265 2533 1387 2575 Cycni,
1400 2533 1480 2575 quia
1503 2537 1545 2566 ut
1557 2531 1716 2565 Thebani

1009 2587 1128 2627 muris,
1142 2586 1193 2618 sic
1209 2594 1294 2627 gyro
1308 2584 1358 2616 illi
1369 2593 1407 2616 se
1418 2583 1605 2616 vallabant.

1052 2640 1115 2670 531
1142 2634 1374 2676 Ordinefulvo]
1397 2633 1532 2677 Aquilae
1544 2634 1635 2667 enim
1647 2633 1715 2667 fnl-

1009 2698 1061 2720 vae
1077 2692 1170 2720 sunt.

1051 2741 1117 2771 532
1139 2737 1324 2778 Armigeros
1337 2735 1451 2768 manuni
1472 2734 1582 2777 Jovin]
1605 2733 1714 2778 Aqui-

1009 2790 1072 2822 las.
1094 2788 1229 2830 Aquilae
1245 2787 1334 2819 enim
1357 2784 1487 2817 fulmen
1507 2785 1606 2818 Jovis
1620 2784 1715 2818 ferre

1008 2838 1182 2872 dicuntur.
1225 2837 1313 2871 Vide
1327 2845 1432 2878 snpra
1447 2845 1497 2868 vs.
1508 2838 1585 2869 506.
