1820 3068
210 157 323 199 1104-
709 172 750 201 r.
783 172 973 203 ΡΑΡιΝιι
1009 173 1176 206 s'rA'rn

211 263 432 317 Desuper,
453 276 805 321 oppressumque
824 267 1016 321 ingentis
1037 270 1152 313 mole
1172 273 1311 316 ruinae

210 331 447 373 Condidit:
477 331 595 374 haud
610 334 737 375 aliter
755 335 886 377 collis
908 342 1129 380 scrutator
1145 339 1267 383 Iberi
1589 344 1677 387 880

211 399 325 441 Cum
344 399 494 451 subiit,
514 400 732 456 longeque
753 403 887 454 diem,
909 405 1133 460 vitamque
1152 409 1342 463 reliquit,
1661 420 1665 424 '

210 467 261 509 Si
281 467 456 510 tremuit
470 481 717 524 suspensus
736 485 854 525 ager,
875 473 1156 528 subitumque
1175 476 1389 531 fragorem

210 534 370 590 Rupta
390 535 512 578 dedit
530 537 677 588 tellus,
693 539 802 580 latet
822 540 944 580 intus
965 547 1115 584 monte
1134 543 1282 586 soluto

209 602 421 654 Obrutus,
440 617 494 646 ac
514 606 688 659 penitus
707 606 891 649 fractum
914 609 1244 665 obductumque
1265 613 1457 655 cadaver

209 670 514 724 Indignantem
531 674 726 716 animum
750 676 945 729 propriis
965 690 1050 719 non
1070 678 1259 721 reddidit
1278 681 1420 722 astris.
1484 669 1486 673 ’
1588 681 1673 725 885

208 738 366 782 Acrior
385 739 471 782 hoc
491 741 690 796 Tydeus,
715 743 961 797 animisque
981 749 1026 785 et
1040 750 1224 799 pectore
1245 759 1383 801 supra
1400 753 1483 790 est.

208 807 310 850 Nec
328 821 467 860 mora,
488 822 592 851 cum
614 810 772 852 vinclis
793 812 999 865 onerique
1019 812 1200 867 elapsus
1220 814 1373 869 iniquo

210 874 427 918 Circumit
446 881 677 929 errantem,
699 882 743 920 et
764 882 884 932 tergo
903 892 986 921 nec
1009 880 1172 934 opinus
1192 880 1403 924 inhaeret:

209 942 326 986 Mox
337 944 480 996 Jatus,
498 948 544 987 et
562 945 688 987 firmo
708 946 827 988 celer
843 947 1046 1001 implicat
1064 948 1143 990 ilia
1161 961 1280 991 nexu
1295 963 1308 1003 3

209 1011 467 1067 Poplitibus
487 1026 634 1067 genua
649 1013 751 1056 inde
773 1028 978 1070 premens
998 1016 1189 1059 evadere
1205 1017 1347 1060 nodos
1588 1021 1673 1064 890

208 1078 521 1138 Nequicquam
541 1086 585 1123 et
603 1081 734 1124 lateri
753 1082 956 1125 dextram
975 1083 1181 1126 insertare
1201 1088 1430 1139 parantem

208 1214 256 1248 vit
278 1216 357 1248 hunc
372 1216 514 1249 obrutum
525 1219 661 1260 pondere
683 1219 830 1251 immanis
842 1229 944 1252 casus.
989 1219 1063 1252 Non
1084 1229 1172 1259 secus
1190 1220 1347 1262 perfossor
1361 1220 1449 1253 Iberi
1462 1221 1589 1261 nwntis,
1603 1232 1673 1254 cum

207 1258 243 1290 in
254 1259 388 1291 nwntem
401 1264 557 1302 penetrat,
571 1262 661 1302 longe
675 1263 792 1294 deserit
807 1264 905 1294 lucem
920 1263 1087 1303 vitamque,
1103 1264 1131 1295 si
1142 1273 1303 1305 suspensus
1323 1274 1448 1306 corripies
1470 1264 1620 1306 trepidat,
1641 1269 1671 1296 et

206 1302 304 1334 scissa
322 1305 408 1334 tem-a
431 1303 482 1335 edi
498 1305 708 1345 trepentz'num
728 1305 896 1337 stridorem
909 1316 921 1337 .·
943 1306 1089 1337 conditur
1113 1307 1201 1338 intus
1217 1316 1377 1348 oppressus
1398 1309 1482 1348 lapso
1504 1307 1621 1347 monte,
1642 1311 1674 1339 et

206 1354 319 1387 corpus
347 1346 470 1378 omnino
493 1351 677 1389 perruptum
706 1359 743 1380 ac
767 1348 878 1381 elisum
902 1358 963 1380 non
986 1348 1128 1380 restituit
1150 1350 1289 1391 propriis
1312 1350 1467 1382 sideribus
1488 1348 1674 1393 irascentem

205 1388 353 1420 animam.
399 1389 574 1421 Ardentior
587 1391 643 1422 hoc
659 1392 792 1432 Tydeus,
813 1391 885 1431 jam
900 1392 1015 1423 eminet
1029 1391 1145 1431 animo,
1165 1395 1196 1423 et
1215 1395 1349 1434 pectore.
1394 1392 1462 1425 Nee
1483 1402 1582 1430 mora,
1603 1403 1673 1425 cum

206 1432 316 1462 statim
330 1441 467 1468 emersus
481 1442 498 1464 e
508 1433 652 1470 nexibus,
677 1438 709 1466 et
727 1435 823 1474 gravi
843 1435 989 1475 pondere,
1011 1434 1124 1466 circuit
1140 1438 1307 1471 errantem,
1328 1439 1360 1467 et
1375 1435 1520 1477 inopinus
1532 1436 1674 1478 affigitur

206 1474 297 1506 dorso
311 1473 377 1513 eius
386 1487 396 1507 :
419 1474 494 1506 moa}
506 1476 603 1515 'agilis
617 1477 722 1517 illigat
739 1479 822 1509 latus
835 1480 867 1509 et
896 1476 1014 1509 lumbos
1028 1478 1202 1518 adversarii
1216 1478 1319 1510 ralido
1332 1478 1465 1519 viuculo,
1479 1478 1553 1510 inde
1571 1488 1673 1519 genua

202 1517 376 1558 poplitibus
390 1518 457 1551 suis
470 1519 641 1561 stringens,
658 1520 776 1563 firmus
793 1521 875 1552 levat
893 1519 928 1552 in
942 1520 1072 1552 sublime
1086 1521 1260 1553 terribilem
1281 1521 1350 1554 visu
1363 1532 1400 1554 ac
1412 1522 1594 1563 stupendam
1608 1531 1672 1554 mo-

821 1612 1061 1629 oaeeeoeeeon'ee

206 1679 271 1709 879
294 1678 398 1714 Malit
421 1679 640 1712 Gronovius:
664 1681 804 1722 ingentis
826 1691 908 1714 more
923 1682 1146 1714 ruinae.—-880
1170 1682 1316 1714 Concidit
1338 1682 1422 1714 haud
1436 1682 1533 1714 aliter
1547 1681 1669 1714 Put.--

205 1723 269 1755 881
293 1721 390 1753 Unus
406 1723 531 1755 Behot.
548 1724 653 1763 Lang.
670 1725 775 1757 Laur.
791 1725 926 1756 Buslid.
940 1725 1094 1766 Lipsian.
1110 1725 1199 1757 Dan.
1211 1725 1422 1757 Pnt.Petav.
1438 1729 1475 1757 et
1489 1724 1567 1757 edd.
1584 1729 1672 1757 vett.

201 1763 475 1804 ›relinquite—882
499 1766 651 1807 Optimae
682 1767 817 1799 Barthii
842 1767 1074 1800 membranae:
1101 1768 1274 1800 subitumve
1287 1769 1467 1808 fragorem,
1497 1767 1588 1809 quod
1613 1768 1670 1799 ine

205 1806 449 1847 proban—885
474 1809 577 1840 Mniti
593 1809 695 1841 codd.
712 1815 749 1842 et
765 1809 845 1842 edd.
862 1815 947 1842 vett.
962 1811 1219 1843 animam—886
1241 1812 1338 1843 Unus
1362 1811 1486 1843 Behot.
1500 1810 1671 1851 animisque

204 1853 237 1881 et
251 1853 498 1892 corpora—888
523 1852 646 1884 Circuit
662 1851 742 1885 edd.
760 1857 846 1886 vett.
870 1858 907 1886 et
929 1853 979 1886 ita
1002 1853 1155 1886 Gronov.
1181 1854 1218 1886 in
1243 1853 1358 1888 Diatr.
1373 1864 1408 1896 p.
1422 1855 1604 1886 uo.-890
1628 1852 1669 1884 In

869 1959 902 1993 N
907 1961 1011 1995 01*AE

248 2024 313 2055 879
337 2023 486 2064 Ingentis
510 2025 590 2057 mole
612 2025 729 2067 ruinae]
753 2025 811 2058 Sic
840 2026 912 2068 qui·
965 2026 1104 2059 reddidit
1125 2026 1238 2067 astris]
1261 2024 1302 2058 Id
1317 2028 1385 2068 est,
1401 2025 1535 2067 superis
1557 2025 1671 2066 astris,

204 2073 283 2106 dem
299 2078 337 2106 et
362 2074 505 2115 scripti:
528 2076 659 2107 mavult
686 2081 798 2108 tamen
822 2076 911 2108 Gro-
966 2076 1029 2108 sub
1045 2076 1169 2118 quibus
1185 2076 1337 2116 vivebat,
1359 2079 1397 2108 et
1412 2086 1432 2107 e
1458 2075 1581 2118 quibus
1599 2076 1668 2107 ani·

204 2125 324 2157 novius
351 2125 492 2166 ingentis
514 2136 598 2158 more
622 2127 736 2160 ruinae.
783 2128 912 2160 Noster

204 2175 314 2209 Theb.
342 2185 410 2209 vn,
448 2177 458 2194 ‘
476 2177 692 2219 Properatur
721 2178 756 2210 in
776 2178 910 2211 hostem

203 2227 307 2259 More
329 2225 449 2268 fugae!
603 2256 605 2258 .

247 2280 311 2310 880
337 2278 435 2310 Collis
458 2281 615 2310 scrutator
646 2278 747 2320 Iberi]
772 2279 910 2312 Aurifo-

203 2329 294 2361 dinae
319 2330 407 2362 enim
437 2334 538 2361 erant
561 2335 644 2362 tnnc
683 2330 849 2371 temporis
874 2329 908 2362 in

202 2379 332 2420 Iberia,
347 2389 404 2412 seu
422 2389 512 2412 nunc
536 2380 720 2422 Hispania,
735 2380 786 2412 sic
814 2380 908 2412 dicta

202 2429 246 2461 ab
261 2429 364 2461 Ibero
382 2428 501 2470 fluvio,
522 2430 623 2462 hodie
639 2431 738 2463 Ebro.

245 2483 310 2513 885
343 2481 566 2521 Indignantem
605 2481 758 2522 animum]
803 2482 910 2513 Puta-

203 2532 290 2564 bant
314 2537 451 2564 veteres
477 2532 627 2564 mollium
664 2532 838 2564 hominum
869 2542 910 2564 ac

203 2592 387 2623 puerorum
409 2582 537 2614 animas
552 2582 734 2624 indignari,
759 2582 850 2624 quod
865 2582 909 2614 de

201 2633 265 2663 hac
284 2633 353 2664 vita
366 2632 554 2665 discedant.
585 2633 752 2674 Virgilius
773 2632 909 2665 AEneid.

159 2701 161 2704 ⁴
203 2692 271 2715 ΧΠ.
295 2684 304 2701 ‘
322 2684 472 2726 vitaque
497 2694 571 2716 cum
598 2684 726 2725 gemitu
748 2682 840 2724 fugit
861 2684 910 2715 iu-

202 2734 343 2776 diguata
369 2734 432 2767 sub
463 2734 628 2767 umbras!
673 2735 821 2777 Propriis
850 2745 910 2766 non

965 2137 1054 2158 mam
1070 2127 1244 2167 hauserat,
1270 2131 1309 2158 ut
1333 2126 1481 2158 vidimus
1508 2126 1614 2158 Theb.
1634 2136 1667 2158 v.

965 2176 1149 2209 ‘Animam
1188 2177 1310 2218 quibus
1347 2177 1502 2208 hauseris
1541 2177 1670 2216 astris3'

964 2227 1026 2259 sed
1057 2227 1160 2259 astris
1190 2226 1322 2268 inferis,
1343 2231 1381 2259 et
1409 2226 1667 2259 subterraneis:

964 2278 1055 2320 quod
1082 2287 1102 2310 a
1117 2277 1263 2319 Virgilio
1280 2277 1413 2317 sumsit,
1430 2278 1486 2319 qni
1512 2276 1557 2309 de
1583 2276 1670 2309 infe-

964 2329 1011 2361 ris
1028 2328 1098 2361 ait:
1121 2328 1131 2346 ‘
1143 2329 1325 2371 Sotemque
1342 2331 1455 2370 suum,
1477 2337 1540 2360 sua
1555 2328 1668 2359 sidera

963 2379 1114 2412 norunt!

1007 2432 1072 2461 886
1097 2429 1279 2471 Απίηιίεᾳιιε
1293 2433 1323 2461 et
1345 2433 1468 2471 pectore
1487 2438 1582 2471 upra
1607 2429 1670 2471 est]

965 2479 1066 2513 Licet
1081 2479 1171 2512 infra
1185 2480 1230 2511 sit
1245 2489 1403 2520 corpore.

1007 2534 1069 2563 887
1097 2531 1256 2572 Onerz'que
1285 2532 1406 2572 elapsus
1431 2529 1553 2572 iniquo]
1579 2528 1666 2560 Sub·

963 2581 1087 2614 ductus
1121 2581 1218 2622 gravi
1256 2581 1411 2622 ponderi.
1463 2579 1667 2622 ‘Iniquum’

964 2634 1052 2665 enim
1082 2642 1185 2675 grave
1215 2632 1350 2665 dicitur.
1395 2631 1580 2673 Virgilius:
1606 2631 1665 2662 ‘et

965 2684 1081 2728 iniquo
1094 2683 1246 2727 pondere
1262 2681 1384 2719 παθη-ἑξ
1432 2729 1441 2738 -

1813 2556 1820 2662 ...ι-...ι-
1816 2479 1820 2543 -.-..
1818 2456 1820 2465 ,
1814 2410 1820 2422 Α»
