1820 3068
200 234 287 276 776

736 243 776 274 P.
811 242 1001 274 PAPlNll
1035 243 1197 275 S‘rA-Tn

201 341 294 382 Hic
314 353 398 394 ego
418 339 634 394 majorum
658 351 845 393 pugnae,
866 339 1108 393 vultusque
1130 338 1381 380 tremendos

202 407 536 462 Magnanimum
556 406 754 460 effingam
776 420 945 460 regum,
965 406 1184 461 figamque
1204 405 1410 460 superbis

202 475 343 516 Arma
362 473 521 515 tholis:
553 486 744 528 quaeque
764 474 861 528 ipse
882 487 981 515 meo
1003 474 1196 528 quaesita
1217 474 1366 515 revexi

203 542 442 596 Sanguine,
463 554 656 596 quaeque
679 541 808 583 dabis
829 541 993 596 captis,
1011 541 1236 591 Tritonia,
1255 540 1438 582 Thebis.
1566 539 1672 583 ,735

203 610 395 652 Centum
416 610 480 651 ibi
501 609 710 663 virgineis
724 599 850 651 rotae
873 608 1181 663 Calydonides
1201 609 1290 651 aris

200 677 388 720 Actaeas
408 677 490 718 tibi
511 677 593 719 rite
614 678 756 727 faces,
775 680 820 719 et
839 678 896 719 ab
918 678 1075 720 arbore
1096 682 1226 718 casta

202 745 401 788 Nectent
422 757 666 799 purpureas
685 745 816 787 niveo
838 744 1092 786 d1scrimine
1114 744 1279 786 vittas:

204 813 561 867 Pervigilemque
582 813 698 855 focis
719 814 862 867 ignem
883 813 1094 866 longaeva
1114 810 1328 854 sacerdos

202 931 258 972 lia,
271 936 303 963 et
317 934 494 965 veneranda
515 943 571 965 ora
578 933 716 973 fortium
728 942 853 973 regum,
877 934 908 964 et
925 932 1105 974 magnificis
1110 931 1289 971 fornicibus
1302 942 1391 964 amna
1406 932 1545 975 affigam,
1559 933 1589 963 et
1604 941 1674 972 quae

202 975 269 1015 ipse
283 976 377 1007 retuli
390 980 485 1017 parta
499 987 565 1008 meo
580 987 701 1016 cruore,
716 979 747 1008 et
763 986 832 1017 quoe
846 977 990 1006 concedes
1003 976 1198 1016 expugnatis
1213 975 1340 1016 Thebis,
1353 986 1372 1007 o
1389 975 1544 1007 Tritonia.
1593 975 1674 1006 Cen-

203 1021 273 1048 tum
296 1018 342 1049 ibi
359 1020 557 1061 Calydoniae,
572 1020 688 1052 ‹licata›
710 1019 776 1051 tuis
789 1018 857 1050 aris
879 1018 1034 1058 virgineis
1055 1019 1243 1060 appendent,
1257 1028 1342 1050 nwre
1354 1018 1475 1059 Attico,
1485 1018 1608 1060 pudicoe
1622 1026 1675 1048 nr-

206 1060 273 1092 bon·
288 1060 323 1092 in
339 1065 425 1093 tuum
439 1063 585 1095 honorem
607 1064 708 1095 toedas
730 1065 760 1094 et
779 1070 954 1104 purpureas
975 1060 1089 1093 taenias
1110 1061 1252 1093 candidis
1265 1061 1338 1104 filis
1358 1061 1620 1094 discriminatus.-
1641 1062 1674 1090 et

824 1157 920 1169 ‘CN‘
925 1157 1023 1169 ‘0000
1027 1156 1042 1169 Ι
1047 1157 1066 1169 0

205 1220 328 1262 optimi
344 1225 382 1252 et
397 1222 624 1264 antiquissimi
642 1221 719 1253 libri
736 1221 941 1262 scripturam
956 1220 1095 1254 vortice.'
1118 1221 1347 1252 Banu—⁷34
1370 1219 1523 1261 Optimae
1539 1218 1676 1250 Barthii

205 1264 416 1298 membranae
431 1275 556 1298 revexo.
588 1267 600 1285 ‘
617 1265 706 1298 Quae
723 1265 897 1306 scriptura
912 1265 1061 1305 omnino,
1083 1269 1119 1296 et
1135 1264 1224 1302 citra
1240 1263 1342 1295 unam
1358 1262 1610 1304 exceptionem,
1622 1266 1676 1293 est

870 1356 1015 1390 NOTAE

205 1423 241 1451 et
266 1419 347 1452 limo
387 1421 520 1462 impetu
550 1421 696 1454 Acheloi
733 1426 914 1454 convecto.

207 1471 342 1503 Plinius
371 1472 431 1504 lib.
454 1482 496 1504 ιι.
524 1483 601 1515 cap.
617 1475 672 1506 85.
715 1473 762 1505 Et
786 1472 915 1506 Strabo

205 1521 266 1553 lib.
283 1530 323 1553 x.
355 1522 572 1554 Carminibus
595 1523 714 1555 Ovidii
729 1523 914 1556 celebratae

204 1576 285 1604 sunt
299 1572 352 1604 hae
371 1572 492 1605 insulae
508 1573 654 1605 Metam.
671 1582 755 1606 viu.

248 1624 314 1653 732
331 1622 399 1653 Hic
414 1631 472 1663 ego
485 1622 637 1662 mqy‘orum
647 1633 786 1666 pugnus,
797 1625 916 1657 vultus·

204 1681 263 1713 que
293 1673 467 1705 tremendos
495 1674 737 1714 Magnanimum
767 1675 917 1716 effingam

204 1732 328 1763 regum,
340 1723 506 1765 figamque
523 1724 667 1765 superbis
681 1724 783 1757 Arma
802 1725 916 1767 tholis]

207 1772 317 1804 Morio
331 1777 407 1805 erat
422 1774 513 1815 apud
531 1779 683 1815 veteres,
707 1775 848 1817 templis
865 1776 914 1808 in-

206 1823 365 1864 sculpere
381 1824 572 1857 certamiua
595 1835 672 1867 quae
687 1826 837 1867 majores
856 1826 917 1858 de·

205 1874 344 1913 derant,
366 1880 404 1908 et
421 1875 586 1908 victorias
610 1885 695 1918 quas
710 1877 916 1918 retulerant,

206 1934 248 1957 ac
264 1924 431 1966 imagines
443 1935 564 1958 eorum
577 1925 755 1968 effingere,
777 1932 880 1970 atque
896 1938 916 1961 e

206 1975 309 2007 tholis
325 1976 537 2017 suspendere
549 1987 645 2009 arma
654 1977 806 2010 hostibus
817 1987 917 2019 erep-

208 2030 257 2058 ta.
299 2026 390 2059 Vide
406 2026 592 2068 Virgilium
606 2026 742 2060 AEneid.
756 2036 825 2060 vu.
842 2031 918 2062 170.

206 2082 242 2109 et
266 2077 507 2119 sequentibus,
537 2083 574 2111 et
601 2088 654 2111 ix.
675 2079 686 2096 ‘
702 2079 917 2120 Suspendive

207 2128 314 2168 tholo,
345 2132 405 2160 aut
446 2138 544 2161 sacra
572 2129 617 2161 ad
661 2128 804 2170 fastigia
832 2129 917 2172 figi.'

205 2178 336 2211 Tholus
353 2183 468 2211 autem
483 2183 538 2211 est
559 2180 656 2221 quasi
680 2185 852 2222 centrum,
875 2190 916 2214 ac

207 2229 389 2261 umbilicus
413 2228 583 2270 fastigiati
605 2229 747 2262 fornicis
773 2231 808 2262 in
831 2235 916 2263 tem-

206 2280 277 2321 plo.
322 2280 389 2312 Vel
420 2280 531 2312 tholus
562 2281 702 2321 proprie
729 2284 782 2313 est
808 2282 916 2314 veluti

206 2333 340 2362 scutum
363 2329 482 2370 breve,
505 2330 596 2372 quod
622 2330 657 2361 in
681 2330 794 2363 medio
821 2336 917 2364 tecto

208 2385 274 2422 est,
302 2381 336 2414 in
363 2392 429 2423 quo
454 2382 571 2414 trabes
593 2381 740 2415 coeunt:
764 2383 808 2415 ad
824 2384 916 2426 quod

207 2433 300 2466 dona
314 2432 478 2474 suspendi
492 2438 759 2467 consueverant.

251 2486 315 2515 734
350 2482 490 2524 Reoexi]
524 2484 628 2528 Legit
657 2492 701 2515 ex
740 2484 916 2518 veteribus

207 2534 415 2567 membranis
430 2534 604 2574 Barthius,
620 2543 744 2567 revexo.

251 2587 314 2617 735
342 2584 503 2625 Tritonia]
527 2584 617 2616 Vide
633 2595 751 2626 supra.

251 2638 316 2667 736
344 2635 521 2676 virgineis]
544 2635 636 2669 Quia
652 2635 768 2667 Pallas
786 2634 894 2677 virgo.

250 2689 315 2718 737
340 2685 483 2727 Actoeas]
507 2685 667 2725 Atticm,
690 2684 812 2718 Attica
827 2686 917 2719 enim

209 2736 301 2769 Acte
325 2737 419 2777 prius
442 2733 639 2769 vocabatur}
687 2736 807 2769 Innuit
832 2746 916 2769 vero

208 2787 388 2821 Palladem
413 2787 535 2820 eodem
565 2786 634 2820 ritu
660 2787 834 2820 Pleurone
859 2796 916 2821 co-

967 1421 1117 1461 lendam,
1131 1430 1198 1463 quo
1214 1418 1371 1452 Athenis.
1417 1418 1463 1450 Et
1479 1417 1533 1449 vel
1549 1416 1676 1449 intelli-

969 1471 1021 1512 git
1032 1470 1158 1502 festum
1171 1469 1366 1511 lampadum
1377 1469 1412 1500 in
1424 1469 1586 1500 honorem
1598 1465 1678 1499 Pal-

970 1521 1058 1553 ladis
1071 1520 1218 1553 Athenis
1237 1518 1408 1552 celebrari
1420 1518 1572 1558 solitum,
1583 1517 1677 1558 quod

968 1570 1206 1613 λαμπαδοφορία
1222 1570 1417 1609 dicebatur,
1428 1568 1484 1600 vel
1497 1567 1620 1600 alludit
1630 1566 1676 1599 ad

968 1631 1099 1655 morem
1123 1630 1191 1664 quo
1217 1619 1400 1652 arboribus
1416 1617 1514 1650 vittae
1530 1621 1566 1649 et
1581 1615 1676 1650 faces

968 1673 1254 1716 appendebantur
1277 1671 1312 1703 in
1333 1668 1484 1712 speciem
1500 1668 1616 1700 cultus
1636 1676 1677 1700 ac

969 1724 1158 1767 religionis.
1204 1723 1401 1764 Utrumque
1428 1729 1559 1752 morem
1589 1718 1676 1754 indi-

968 1779 1028 1807 cat
1053 1766 1108 1806 hic
1135 1772 1317 1815 Papinius,
1339 1776 1378 1804 et
1402 1768 1616 1803 Prudentius
1641 1768 1676 1801 in

969 1824 1232 1866 Symmachum:
1254 1823 1264 1840 ‘
1277 1823 1324 1856 Et
1341 1831 1416 1863 quae
1440 1818 1608 1851 fumificas
1624 1827 1677 1850 ar-

971 1875 1034 1907 bor
1050 1875 1175 1907 vittata
1196 1874 1353 1905 lucernas
1375 1869 1557 1910 Servabat,
1582 1868 1679 1902 cadit

971 1925 1090 1958 ultrici
1118 1924 1251 1957 succisa
1278 1920 1444 1965 bipenni.’
1496 1920 1576 1953 Quo
1601 1919 1677 1952 loco

971 1978 981 1994 ‘
999 1977 1140 2008 lucerna
1153 1976 1162 1989 ’
1174 1975 1268 2008 faces
1283 1972 1468 2016 significat,
1487 1975 1527 2004 ut
1541 1975 1579 2003 et
1594 1971 1676 2003 lam·

971 2037 1044 2068 pas,
1066 2032 1104 2059 et
1124 2026 1274 2059 vicissim
1297 2024 1390 2057 faces
1407 2022 1582 2056 interdum
1597 2027 1678 2055 sunt

969 2077 1161 2119 lampades,
1174 2086 1234 2109 seu
1245 2076 1409 2116 lucernae,
1417 2078 1456 2107 ut
1469 2074 1538 2114 hic,
1547 2078 1585 2106 nt
1598 2083 1676 2115 pro-

969 2128 1029 2160 bat
1044 2128 1196 2161 Cruceus
1219 2127 1254 2159 in
1278 2137 1338 2159 suo
1360 2125 1607 2159 commentario
1631 2123 1676 2156 ad

969 2182 1059 2214 hunc
1085 2180 1223 2224 Papinii
1248 2180 1370 2212 locum.
1420 2177 1545 2210 Arbore
1572 2175 1678 2215 casta]

971 2233 1074 2273 Olea,
1095 2232 1174 2274 quia
1197 2240 1296 2263 sacra
1319 2228 1443 2270 virgini
1462 2227 1548 2259 Deae
1564 2226 1679 2270 Pallag

970 2281 1019 2322 di,
1040 2282 1140 2322 cujus
1168 2279 1317 2314 fructum
1341 2277 1439 2310 nefas
1464 2277 1546 2308 olim
1572 2276 1677 2308 strin-

971 2342 1051 2374 gere
1093 2331 1158 2364 nisi
1196 2329 1401 2371 virginibus.
1461 2327 1527 2359 Vel
1567 2327 1678 2365 lauro,

973 2391 1075 2424 quam
1105 2390 1208 2422 supra
1233 2380 1294 2412 lib.
1316 2387 1343 2411 1.
1367 2382 1470 2410 vocat
1491 2378 1501 2395 ‘
1520 2375 1680 2418 pudicam

971 2431 1152 2472 frondem:
1163 2431 1208 2465 ob
1224 2429 1411 2472 Daphnen,
1422 2437 1500 2470 quae
1515 2425 1679 2468 fugiendo

971 2483 1194 2516 concubitum
1207 2480 1379 2523 Apollinis
1400 2479 1436 2511 in
1452 2479 1583 2510 laurum
1598 2486 1679 2509 con-

972 2544 1071 2566 versa
1086 2538 1152 2566 est.

1015 2586 1080 2617 739
1104 2582 1360 2622 Per-vigilemque
1372 2576 1497 2618 ignem]
1513 2575 1679 2617 Respexit

972 2636 1203 2668 Romanorum
1220 2643 1363 2670 morem,
1386 2630 1478 2671 apud
1501 2637 1586 2671 qnos
1600 2637 1678 2670 per-

972 2686 1054 2728 vigil
1070 2685 1158 2727 ignis
1174 2683 1359 2717 fovebatur
1374 2681 1409 2712 iu
1421 2681 1583 2712 honorem
1592 2678 1680 2710 Ves-

972 2742 1031 2777 tae,
1052 2738 1088 2769 in
1104 2737 1198 2779 cujus
1215 2734 1343 2776 templo
1359 2730 1551 2766 Palladium
1564 2739 1679 2762 serva·

973 2789 1086 2820 batur.
