1820 3068
210 208 297 250 706
710 219 751 249 r.
784 218 975 250 PAPINH
1011 217 1179 251 STA'rn

211 313 434 364 Fulmine,
455 314 674 368 praerupti
696 327 796 355 cum
815 320 876 365 te,
895 320 1021 357 tener
1041 315 1167 367 Evie,
1190 321 1347 371 partus

209 381 514 424 Transmisere
534 382 663 436 patri.
721 382 869 436 Tyriis
884 395 937 424 ea
957 395 1098 424 causa
1118 385 1289 427 colonis

210 451 473 492 Insomnem
492 450 599 491 ludo
622 452 823 492 certatim
844 450 1033 492 educere
1051 456 1231 494 noctem

210 519 451 560 Suaserat:
484 517 614 559 effusi
633 518 805 572 passim
826 531 902 571 per
922 522 1055 569 tecta,
1078 533 1154 573 per
1175 532 1317 574 agros,

211 587 342 628 Serta
359 586 471 627 inter
490 598 748 640 vacuosque
769 598 889 626 mero
910 589 1123 636 crateras,
1145 586 1351 629 anhelum

210 654 468 696 Proflabant
485 654 570 695 sub
591 653 691 695 luce
714 654 862 695 Deum
879 667 888 695 ε
921 659 1013 695 tum
1030 654 1218 708 plurima
1237 656 1406 706 buxus,

211 722 410 776 AEraque
430 722 630 763 taurinos
650 722 793 763 sonitu
815 722 1035 763 vincentia
1055 722 1223 776 pulsus.

210 790 318 845 Ipse
337 790 472 831 etiam
491 789 687 843 gaudens
708 802 943 831 nemorosa
963 803 1039 844 per
1059 791 1163 833 avia
1181 803 1318 832 sanas
1363 831 1365 834 ,

210 858 459 913 Impulerat
480 862 643 899 matres
667 857 848 899 Baccho
868 858 1050 900 meliore
1074 858 1326 901 Cithaeron.'

1625 518 1685 562 '75

1625 858 1682 902 80

207 984 283 1013 noto
304 981 398 1014 Jovis
409 981 547 1021 fulmine
573 983 756 1022 advenerat,
779 991 848 1013 cum
872 981 1060 1014 immaturus
1078 986 1191 1024 partus
1204 983 1367 1016 trandum
1383 986 1427 1024 te,
1448 985 1535 1016 tener
1547 978 1685 1022 Bacche,

207 1023 244 1055 in
259 1024 369 1063 femur
380 1027 495 1066 patris.
539 1025 592 1056 Ea
606 1026 689 1056 ratio
703 1026 874 1056 induxerat
901 1024 1012 1066 Tyrios
1033 1026 1164 1066 accolas,
1187 1031 1222 1058 ut
1237 1027 1384 1059 certatim
1399 1029 1530 1075 agerent
1545 1026 1616 1057 ludo
1632 1024 1682 1056 in-

208 1077 345 1099 somnem
359 1071 491 1100 noctem.
537 1068 683 1108 Dispersi
702 1068 822 1108 passim
835 1076 893 1108 per
907 1070 1012 1099 domos
1034 1071 1064 1099 et
1093 1078 1148 1108 per
1162 1079 1285 1110 campos
1296 1069 1442 1111 efflabant
1453 1068 1558 1100 uinum
1573 1067 1683 1099 anhelo

207 1113 331 1150 pectore
346 1112 387 1142 ad
401 1111 531 1142 multum
544 1111 620 1147 diei,
643 1111 727 1142 inter
740 1120 880 1149 coronas,
903 1114 933 1141 et
949 1120 1047 1141 vacua
1061 1111 1133 1142 vino
1144 1113 1267 1153 pocula.
1316 1111 1395 1143 Tum
1406 1111 1513 1143 multa
1528 1110 1628 1150 tibioe,
1650 1112 1682 1141 et

207 1153 351 1194 cymbala
372 1163 468 1194 aerea,
490 1153 610 1185 tinnitu
635 1153 822 1194 superantia
835 1153 972 1184 sonitum
987 1158 1215 1193 tympanorum,
1237 1165 1278 1186 ex
1291 1158 1454 1186 taurorum
1464 1153 1598 1195 pellibus
1611 1162 1681 1184 con-

199 1195 371 1236 fectorum,
394 1197 651 1236 exaudiebantur.
697 1196 768 1236 lpse
783 1197 879 1227 etiam
894 1196 985 1226 loetus
1002 1196 1163 1228 Ciaehaeron
1178 1202 1288 1237 egerat
1301 1200 1462 1229 matronas
1479 1199 1581 1228 mente
1600 1205 1682 1226 com-

205 1241 296 1278 potes
308 1238 517 1271 innocentiora
534 1239 654 1271 Bacchi
669 1239 834 1275 instinctu,
846 1248 903 1279 per
916 1239 1062 1270 tramites
1075 1240 1245 1281 sylvanum.
1289 1241 1334 1272 Ut
1349 1250 1418 1272 cum
1436 1239 1574 1272 ‘thraces
1588 1238 1682 1270 celeri

828 1334 1070 1347 oooooooooooo

209 1401 390 1435 claudian·
406 1411 463 1435 ιιι.
487 1403 590 1435 cons.
614 1401 750 1435 Honor.
764 1403 821 1435 48.
843 1406 880 1435 et
902 1402 1004 1435 sicin
1023 1402 1107 1435 Put.
1131 1411 1194 1444 pro
1210 1412 1242 1436 v.
1259 1403 1370 1436 1.-77
1392 1401 1578 1444 Perflabant
1592 1400 1682 1433 Tau-

879 1500 1021 1533 NOTAE

209 1583 278 1615 qua
308 1572 437 1605 dicitnr
463 1572 598 1605 Semele
629 1571 751 1604 arsisse
774 1571 918 1604 fulmine

209 1625 322 1665 Jovis,
337 1624 434 1665 cujus
451 1624 629 1665 proprium
646 1623 840 1664 epithetum
859 1623 917 1654 To-

208 1683 300 1707 nans.

250 1728 293 1757 ⁷2
332 1725 494 1767 Proerupti
520 1736 592 1758 cum
628 1729 671 1765 te,
707 1729 796 1758 tener
827 1725 919 1765 Evie,

206 1779 322 1816 partus
339 1776 555 1808 Tranamisere
568 1776 670 1817 patri]
695 1775 852 1817 Respicit
868 1774 918 1806 fa-

210 1826 339 1867 bulam,
366 1836 433 1868 qna
461 1826 589 1859 dicitur
611 1827 769 1859 Bacchus
783 1831 920 1858 extrac-

211 1880 267 1908 tus
282 1886 326 1908 ex
342 1882 443 1908 utero
466 1875 713 1917 conflagrantis
729 1876 846 1908 matris
860 1876 919 1907 Se·

209 1927 330 1966 meles,
348 1932 384 1958 et
401 1927 599 1959 insertus‘In
624 1927 736 1959 femur
752 1926 865 1966 Jovis,
881 1931 919 1958 ut

209 1977 383 2018 legitimos
420 1987 555 2010 menses
592 1979 762 2020 expleret.
821 1977 919 2018 Evie]

209 2028 382 2067 Bacchus,
398 2029 489 2061 Euan
511 2033 547 2060 et
562 2030 665 2060 Euius
680 2028 806 2068 dictus,
829 2028 919 2071 quod

210 2079 245 2110 in
273 2078 349 2120 ejus
375 2079 480 2111 sacris
503 2078 579 2110 haec
603 2089 667 2111 vox
685 2079 771 2111 Evo‘e'
796 2079 919 2111 crebro

210 2130 424 2162 clamaretur
449 2139 468 2161 a
489 2130 762 2162 Bacchantibus.
807 2129 920 2170 Patri]

208 2180 301 2213 Jovi.

252 2234 294 2263 73
334 2230 441 2273 Tyriis
477 2233 607 2275 colonis]
642 2231 823 2272 Thebanis,
861 2232 918 2273 qui

209 2282 393 2323 Tyriorum
409 2283 544 2314 colonia
559 2287 669 2315 erant.

253 2335 294 2366 74
318 2334 497 2366 Insomnem
520 2335 608 2376 ludo]
635 2334 743 2367 Notat
768 2333 919 2365 Bernar—

213 2384 279 2415 tius
294 2383 439 2415 Poetam
465 2389 609 2425 tangere
637 2383 692 2415 hic
719 2393 786 2415 non
813 2382 918 2414 dubie

210 2444 340 2466 rnorem
369 2434 533 2476 priscum,
559 2443 624 2475 quo
652 2433 834 2475 pervigilia
857 2432 918 2464 fie-

213 2485 297 2516 bant
310 2484 342 2516 in
357 2485 523 2516 honorem
539 2485 704 2516 Deorum.

254 2538 299 2568 ⁷6
323 2536 419 2568 Serta
448 2535 549 2576 inter]
575 2536 679 2567 Serta
708 2539 744 2568 et
775 2545 919 2568 coronae

212 2587 384 2618 adhibitas
410 2585 517 2618 fuisse
547 2586 582 2618 in
608 2585 776 2618 conviviis
802 2591 918 2618 notum

211 2647 254 2668 ex
268 2637 514 2678 scriptoribus.
559 2636 716 2668 Anhelum
731 2635 919 2678 Proflabant

210 2687 268 2719 sub
297 2689 363 2719 luce
389 2687 510 2728 Deum]
543 2687 698 2718 Imitatio
727 2685 919 2728 virgiliana

211 2737 289 2770 AEn.
321 2745 374 2770 xx.
410 2739 421 2756 ⁴
445 2738 533 2770 Toto
569 2735 739 2779 proflabat
774 2739 917 2778 pectore

211 2787 391 2821 somnum!
447 2788 494 2820 Et
527 2787 800 2830 dicit‘anhetum,
837 2786 917 2829 quia

973 1573 1073 1613 ebrii,
1102 1576 1141 1605 ut
1169 1582 1264 1605 mero
1297 1571 1507 1604 stomachum
1542 1571 1682 1612 plenum

973 1633 1013 1655 ac
1030 1633 1169 1664 gravem
1186 1622 1324 1663 habent,
1345 1631 1413 1653 non
1429 1620 1587 1661 liberam,
1601 1631 1681 1653 cum

973 1672 1159 1713 dormiunt,
1185 1672 1313 1704 habent
1339 1669 1615 1712 respirationem,
1644 1675 1682 1703 et

974 1723 1132 1763 spiritum
1149 1721 1336 1754 difficulter
1350 1720 1492 1752 trahunt
1506 1729 1515 1751 ι
1531 1719 1683 1752 hinc‘an-

974 1773 1103 1805 belant.
1150 1771 1272 1813 Deum]
1301 1772 1477 1811 Somnum,
1506 1770 1563 1802 vel
1592 1770 1681 1803 Bac-

975 1825 1073 1856 chum
1091 1833 1150 1855 seu
1168 1823 1295 1854 vinum.
1340 1820 1499 1853 Bacchus
1515 1820 1603 1852 enim
1617 1828 1680 1862 pro

975 1875 1054 1906 vino
1072 1874 1229 1914 sumitur,
1253 1876 1292 1904 ut
1314 1880 1432 1903 omues
1454 1869 1580 1902 sciunt.
1624 1869 1682 1902 Sic

973 1926 1079 1958 Theb.
1098 1935 1132 1957 v.
1154 1924 1327 1967 ‘Altaque
1348 1923 1382 1955 in
1405 1922 1494 1954 mole
1521 1925 1681 1963 tapetum

975 1975 1156 2010 Efflantem
1173 1985 1291 2008 somno
1307 1973 1500 2007 crescentia
1512 1972 1614 2004 vina.'

1016 2032 1057 2064 ⁷⁷
1083 2029 1213 2070 Buxus]
1236 2027 1345 2060 'ribiae
1362 2035 1404 2057 ex
1421 2025 1525 2058 buxo.
1565 2023 1680 2056 Tibia-

974 2089 1048 2112 rnm
1085 2080 1175 2111 enim
1214 2087 1292 2109 usus
1325 2077 1359 2108 in
1396 2075 1502 2108 sacris
1537 2074 1680 2107 Bacchi.

973 2129 1080 2163 Theb.
1108 2138 1176 2162 vn.
1211 2130 1220 2147 ‘
1237 2129 1283 2160 Et
1311 2126 1354 2158 ad
1382 2125 1551 2168 inspirata
1572 2124 1680 2156 rotari

974 2180 1099 2212 Buxa.'

1016 2234 1058 2263 78
1081 2229 1237 2272 AEraque]
1269 2227 1435 2270 Cymbala
1466 2235 1569 2267 aerea,
1597 2234 1680 2267 quo-

974 2290 1048 2314 rum
1077 2286 1114 2314 et
1142 2291 1222 2314 usus
1251 2281 1286 2312 in
1316 2278 1444 2320 Orgiie.
1496 2277 1605 2309 Theb.
1643 2285 1679 2308 v.

972 2333 1178 2375 ‘Tergaque
1197 2335 1234 2363 et
1257 2340 1328 2362 aera
1350 2329 1420 2362 Dei
1444 2331 1554 2360 motas
1579 2335 1680 2359 sonu·

974 2391 1033 2415 ere
1048 2392 1112 2424 per
1127 2381 1249 2414 auras!
1277 2380 1429 2413 Taurinos
1437 2378 1559 2420 pulsus]
1575 2377 1680 2418 Tym—

974 2443 1065 2476 pana
1080 2444 1123 2465 ex
1140 2433 1233 2465 corio
1250 2431 1389 2465 taurino
1405 2429 1581 2462 confecta.

1016 2487 1058 2516 80
1074 2484 1200 2516 Baccho
1215 2482 1341 2515 meliore
1359 2478 1536 2519 Citheron]
1551 2477 1678 2511 cithae-

974 2544 1034 2566 ron
1050 2544 1145 2566 mons
1162 2533 1321 2572 Boeotiae,
1337 2531 1373 2563 in
1386 2539 1455 2573 quo
1470 2528 1580 2571 Orgia
1593 2529 1680 2560 Bac-

974 2585 1028 2617 chi
1057 2583 1226 2616 celebrari
1253 2583 1367 2615 solita.
1423 2580 1523 2612 Dicit
1552 2580 1679 2612 Baccho

973 2635 1109 2672 meliore,
1137 2634 1214 2676 quia
1240 2637 1322 2665 tune
1342 2630 1506 2673 temporis
1521 2630 1679 2662 Bacchus

972 2695 1042 2719 non
1059 2685 1204 2726 amplius
1228 2682 1431 2724 impellebat
1449 2680 1680 2721 Bacchantee,

972 2734 1088 2768 furore
1104 2734 1268 2774 immisso,
1284 2732 1326 2765 ad
1344 2730 1594 2774 perpetrandas
1610 2740 1678 2763 cae-

971 2786 1046 2830 des,
1078 2784 1223 2819 ut²cum
1254 2783 1372 2827 Agave
1404 2784 1438 2815 in
1468 2783 1534 2815 hoc
1563 2786 1678 2815 monte
