<?xml version="1.0" encoding="UTF-8"?>
<!DOCTYPE html PUBLIC "-//W3C//DTD XHTML 1.0 Transitional//EN"
    "http://www.w3.org/TR/xhtml1/DTD/xhtml1-transitional.dtd">
<html xmlns="http://www.w3.org/1999/xhtml" xml:lang="en" lang="en">
 <head>
  <title>
</title>
<meta http-equiv="Content-Type" content="text/html;charset=utf-8" />
  <meta name='ocr-system' content='tesseract 3.04.00' />
  <meta name='ocr-capabilities' content='ocr_page ocr_carea ocr_par ocr_line ocrx_word'/>
</head>
<body>
  <div class='ocr_page' id='page_1' title='image "./operaomniaexedit02statuoft_0476.png"; bbox 0 0 1820 3068; ppageno 0'>
   <div class='ocr_carea' id='block_1_1' title="bbox 209 222 322 265">
    <p class='ocr_par' dir='ltr' id='par_1_1' title="bbox 209 222 322 265">
     <span class='ocr_line' id='line_1_1' title="bbox 209 222 322 265; baseline 0.018 -2"><span class='ocrx_word' id='word_1_1' title='bbox 209 222 322 265; x_wconf 79' lang='lat'>1060</span> 
     </span>
    </p>
   </div>
   <div class='ocr_carea' id='block_1_2' title="bbox 197 327 1820 1202">
    <p class='ocr_par' dir='ltr' id='par_1_2' title="bbox 208 327 1250 384">
     <span class='ocr_line' id='line_1_2' title="bbox 208 327 1250 384; baseline -0.001 -12"><span class='ocrx_word' id='word_1_2' title='bbox 208 329 352 372; x_wconf 82' lang='lat' dir='ltr'><strong>Pisaei</strong></span> <span class='ocrx_word' id='word_1_3' title='bbox 365 329 476 384; x_wconf 89' lang='lat' dir='ltr'><strong>juga</strong></span> <span class='ocrx_word' id='word_1_4' title='bbox 495 327 635 383; x_wconf 89' lang='lat' dir='ltr'><strong>patris</strong></span> <span class='ocrx_word' id='word_1_5' title='bbox 655 327 816 370; x_wconf 85' lang='lat' dir='ltr'><strong>habet:</strong></span> <span class='ocrx_word' id='word_1_6' title='bbox 847 328 1100 371; x_wconf 83' lang='lat' dir='ltr'><strong>crudelibus</strong></span> <span class='ocrx_word' id='word_1_7' title='bbox 1119 330 1250 371; x_wconf 87' lang='lat' dir='ltr'><strong>ambo</strong></span> 
     </span>
    </p>

    <p class='ocr_par' dir='ltr' id='par_1_3' title="bbox 206 396 1672 521">
     <span class='ocr_line' id='line_1_3' title="bbox 206 396 1672 451; baseline 0.001 -11"><span class='ocrx_word' id='word_1_8' title='bbox 206 397 413 448; x_wconf 85' lang='lat' dir='ltr'><strong>Exuviis‚</strong></span> <span class='ocrx_word' id='word_1_9' title='bbox 434 397 618 451; x_wconf 87' lang='lat' dir='ltr'><strong>diroque</strong></span> <span class='ocrx_word' id='word_1_10' title='bbox 635 396 792 438; x_wconf 87' lang='lat' dir='ltr'><strong>imbuti</strong></span> <span class='ocrx_word' id='word_1_11' title='bbox 813 397 1030 450; x_wconf 86' lang='lat' dir='ltr'><strong>sanguine</strong></span> <span class='ocrx_word' id='word_1_12' title='bbox 1050 409 1214 440; x_wconf 87' lang='lat' dir='ltr'><strong>currus.</strong></span> <span class='ocrx_word' id='word_1_13' title='bbox 1586 399 1672 442; x_wconf 73' lang='lat'><strong>350</strong></span> 
     </span>
     <span class='ocr_line' id='line_1_4' title="bbox 206 463 1366 521; baseline 0.002 -15"><span class='ocrx_word' id='word_1_14' title='bbox 206 463 431 507; x_wconf 87' lang='lat' dir='ltr'><strong>Metarum</strong></span> <span class='ocrx_word' id='word_1_15' title='bbox 452 465 589 507; x_wconf 89' lang='lat' dir='ltr'><strong>instar</strong></span> <span class='ocrx_word' id='word_1_16' title='bbox 607 469 706 507; x_wconf 86' lang='lat' dir='ltr'><strong>erat</strong></span> <span class='ocrx_word' id='word_1_17' title='bbox 725 464 826 506; x_wconf 88' lang='lat' dir='ltr'><strong>hinc</strong></span> <span class='ocrx_word' id='word_1_18' title='bbox 845 464 964 507; x_wconf 90' lang='lat' dir='ltr'><strong>nudo</strong></span> <span class='ocrx_word' id='word_1_19' title='bbox 983 466 1138 508; x_wconf 81' lang='lat' dir='ltr'>robore</span> <span class='ocrx_word' id='word_1_20' title='bbox 1160 478 1366 521; x_wconf 87' lang='lat' dir='ltr'><strong>quercus,</strong></span> 
     </span>
    </p>

    <p class='ocr_par' dir='ltr' id='par_1_4' title="bbox 206 532 1317 584">
     <span class='ocr_line' id='line_1_5' title="bbox 206 532 1317 584; baseline 0.001 -9"><span class='ocrx_word' id='word_1_21' title='bbox 206 532 327 575; x_wconf 91' lang='lat' dir='ltr'><strong>Olim</strong></span> <span class='ocrx_word' id='word_1_22' title='bbox 347 546 499 575; x_wconf 89' lang='lat' dir='ltr'><strong>omnes</strong></span> <span class='ocrx_word' id='word_1_23' title='bbox 519 538 659 575; x_wconf 87' lang='lat' dir='ltr'><strong>exuta</strong></span> <span class='ocrx_word' id='word_1_24' title='bbox 679 545 850 584; x_wconf 89' lang='lat' dir='ltr'><strong>comas,</strong></span> <span class='ocrx_word' id='word_1_25' title='bbox 872 533 974 575; x_wconf 90' lang='lat' dir='ltr'><strong>hinc</strong></span> <span class='ocrx_word' id='word_1_26' title='bbox 995 546 1161 576; x_wconf 83' lang='lat' dir='ltr'><strong>saxeus</strong></span> <span class='ocrx_word' id='word_1_27' title='bbox 1179 534 1317 576; x_wconf 90' lang='lat' dir='ltr'><strong>umbo</strong></span> 
     </span>
    </p>

    <p class='ocr_par' dir='ltr' id='par_1_5' title="bbox 203 599 1820 860">
     <span class='ocr_line' id='line_1_6' title="bbox 203 599 1692 658; baseline 0.001 -15"><span class='ocrx_word' id='word_1_28' title='bbox 203 599 385 643; x_wconf 84' lang='lat' dir='ltr'><strong>Arbiter</strong></span> <span class='ocrx_word' id='word_1_29' title='bbox 406 601 641 655; x_wconf 80' lang='lat' dir='ltr'>agricolis:</span> <span class='ocrx_word' id='word_1_30' title='bbox 671 601 799 643; x_wconf 89' lang='lat' dir='ltr'><strong>finem</strong></span> <span class='ocrx_word' id='word_1_31' title='bbox 812 600 939 656; x_wconf 88' lang='lat' dir='ltr'><strong>jacet</strong></span> <span class='ocrx_word' id='word_1_32' title='bbox 958 601 1070 644; x_wconf 90' lang='lat' dir='ltr'><strong>inter</strong></span> <span class='ocrx_word' id='word_1_33' title='bbox 1089 606 1344 658; x_wconf 88' lang='lat' dir='ltr'><strong>utrumque,</strong></span> <span class='ocrx_word' id='word_1_34' title='bbox 1689 657 1692 658; x_wconf 16' lang='lat'><em>⁷</em></span> 
     </span>
     <span class='ocr_line' id='line_1_7' title="bbox 206 650 1820 744; baseline 0 -33"><span class='ocrx_word' id='word_1_35' title='bbox 206 668 357 721; x_wconf 83' lang='lat' dir='ltr'><strong>Quale</strong></span> <span class='ocrx_word' id='word_1_36' title='bbox 377 668 702 724; x_wconf 87' lang='lat' dir='ltr'><strong>quater-jaculo</strong></span> <span class='ocrx_word' id='word_1_37' title='bbox 723 669 933 723; x_wconf 90' lang='lat' dir='ltr'><strong>spatium,</strong></span> <span class='ocrx_word' id='word_1_38' title='bbox 955 673 1022 711; x_wconf 77' lang='lat' dir='ltr'><strong>ter</strong></span> <span class='ocrx_word' id='word_1_39' title='bbox 1041 669 1256 714; x_wconf 86' lang='lat' dir='ltr'><strong>arundine</strong></span> <span class='ocrx_word' id='word_1_40' title='bbox 1275 669 1443 712; x_wconf 82' lang='lat' dir='ltr'><strong>vincas.</strong></span> <span class='ocrx_word' id='word_1_41' title='bbox 1811 650 1820 744; x_wconf 60' lang='lat' dir='ltr'><strong>i</strong></span> 
     </span>
     <span class='ocr_line' id='line_1_8' title="bbox 203 736 1820 805; baseline 0.001 -24"><span class='ocrx_word' id='word_1_42' title='bbox 203 737 379 781; x_wconf 84' lang='lat' dir='ltr'>Interea</span> <span class='ocrx_word' id='word_1_43' title='bbox 397 741 529 780; x_wconf 87' lang='lat' dir='ltr'><strong>cantu</strong></span> <span class='ocrx_word' id='word_1_44' title='bbox 550 736 782 779; x_wconf 80' lang='lat' dir='ltr'>Musarum</span> <span class='ocrx_word' id='word_1_45' title='bbox 802 737 954 779; x_wconf 87' lang='lat' dir='ltr'><strong>nobile</strong></span> <span class='ocrx_word' id='word_1_46' title='bbox 972 737 1174 779; x_wconf 86' lang='lat' dir='ltr'><strong>mulcens</strong></span> <span class='ocrx_word' id='word_1_47' title='bbox 1584 739 1672 782; x_wconf 81' lang='lat'><strong>355</strong></span> <span class='ocrx_word' id='word_1_48' title='bbox 1811 746 1820 805; x_wconf 55' lang='lat' dir='ltr'><strong>ff</strong></span> 
     </span>
     <span class='ocr_line' id='line_1_9' title="bbox 204 804 1337 860; baseline -0.004 -8"><span class='ocrx_word' id='word_1_49' title='bbox 204 805 472 856; x_wconf 78' lang='lat' dir='ltr'><strong>Concilium,</strong></span> <span class='ocrx_word' id='word_1_50' title='bbox 489 805 758 860; x_wconf 85' lang='lat' dir='ltr'><strong>citharaeque</strong></span> <span class='ocrx_word' id='word_1_51' title='bbox 780 818 937 848; x_wconf 86' lang='lat' dir='ltr'><strong>manus</strong></span> <span class='ocrx_word' id='word_1_52' title='bbox 957 806 1151 848; x_wconf 89' lang='lat' dir='ltr'><strong>insertus</strong></span> <span class='ocrx_word' id='word_1_53' title='bbox 1167 804 1337 860; x_wconf 85' lang='lat' dir='ltr'>Apollo</span> 
     </span>
    </p>

    <p class='ocr_par' dir='ltr' id='par_1_6' title="bbox 202 873 1305 927">
     <span class='ocr_line' id='line_1_10' title="bbox 202 873 1305 927; baseline -0.001 -10"><span class='ocrx_word' id='word_1_54' title='bbox 202 873 420 917; x_wconf 84' lang='lat' dir='ltr'><strong>Parnassi</strong></span> <span class='ocrx_word' id='word_1_55' title='bbox 441 886 616 916; x_wconf 90' lang='lat' dir='ltr'><strong>summo</strong></span> <span class='ocrx_word' id='word_1_56' title='bbox 638 874 872 927; x_wconf 85' lang='lat' dir='ltr'><strong>spectabat</strong></span> <span class='ocrx_word' id='word_1_57' title='bbox 891 874 949 916; x_wconf 89' lang='lat' dir='ltr'><strong>ab</strong></span> <span class='ocrx_word' id='word_1_58' title='bbox 969 874 1130 916; x_wconf 85' lang='lat' dir='ltr'><strong>aethere</strong></span> <span class='ocrx_word' id='word_1_59' title='bbox 1148 877 1305 925; x_wconf 88' lang='lat' dir='ltr'><strong>terras,</strong></span> 
     </span>
    </p>

    <p class='ocr_par' dir='ltr' id='par_1_7' title="bbox 201 940 1517 1064">
     <span class='ocr_line' id='line_1_11' title="bbox 204 940 1517 997; baseline 0 -13"><span class='ocrx_word' id='word_1_60' title='bbox 204 941 325 984; x_wconf 86' lang='lat' dir='ltr'><strong>Orsa</strong></span> <span class='ocrx_word' id='word_1_61' title='bbox 347 942 491 983; x_wconf 91' lang='lat' dir='ltr'><strong>Deum</strong></span> <span class='ocrx_word' id='word_1_62' title='bbox 507 940 631 997; x_wconf 90' lang='lat' dir='ltr'><strong>(nam</strong></span> <span class='ocrx_word' id='word_1_63' title='bbox 651 953 775 996; x_wconf 84' lang='lat' dir='ltr'><strong>saepe</strong></span> <span class='ocrx_word' id='word_1_64' title='bbox 795 940 826 983; x_wconf 85' lang='lat' dir='ltr'><strong>J</strong></span> <span class='ocrx_word' id='word_1_65' title='bbox 829 953 974 992; x_wconf 86' lang='lat' dir='ltr'><strong>ovem,</strong></span> <span class='ocrx_word' id='word_1_66' title='bbox 994 941 1334 996; x_wconf 86' lang='lat' dir='ltr'><strong>Phlegramque,</strong></span> <span class='ocrx_word' id='word_1_67' title='bbox 1356 940 1517 996; x_wconf 88' lang='lat' dir='ltr'><strong>suique</strong></span> 
     </span>
     <span class='ocr_line' id='line_1_12' title="bbox 201 1006 1399 1064; baseline -0.002 -12"><span class='ocrx_word' id='word_1_68' title='bbox 201 1008 377 1063; x_wconf 87' lang='lat' dir='ltr'><strong>Anguis</strong></span> <span class='ocrx_word' id='word_1_69' title='bbox 397 1021 533 1064; x_wconf 90' lang='lat' dir='ltr'><strong>opus,</strong></span> <span class='ocrx_word' id='word_1_70' title='bbox 551 1008 821 1063; x_wconf 86' lang='lat' dir='ltr'><strong>fratrumque</strong></span> <span class='ocrx_word' id='word_1_71' title='bbox 840 1009 947 1062; x_wconf 90' lang='lat' dir='ltr'><strong>pius</strong></span> <span class='ocrx_word' id='word_1_72' title='bbox 967 1012 1169 1051; x_wconf 86' lang='lat' dir='ltr'><strong>cantarat</strong></span> <span class='ocrx_word' id='word_1_73' title='bbox 1186 1006 1399 1064; x_wconf 90' lang='lat' dir='ltr'><strong>honores)</strong></span> 
     </span>
    </p>

    <p class='ocr_par' dir='ltr' id='par_1_8' title="bbox 197 1076 1667 1202">
     <span class='ocr_line' id='line_1_13' title="bbox 197 1076 1667 1133; baseline 0.001 -13"><span class='ocrx_word' id='word_1_74' title='bbox 197 1078 327 1121; x_wconf 84' lang='lat' dir='ltr'><strong>Tunc</strong></span> <span class='ocrx_word' id='word_1_75' title='bbox 343 1078 500 1133; x_wconf 87' lang='lat' dir='ltr'><strong>aperit,</strong></span> <span class='ocrx_word' id='word_1_76' title='bbox 519 1077 621 1133; x_wconf 92' lang='lat' dir='ltr'><strong>quis</strong></span> <span class='ocrx_word' id='word_1_77' title='bbox 638 1076 806 1119; x_wconf 85' lang='lat' dir='ltr'><strong>fulmen</strong></span> <span class='ocrx_word' id='word_1_78' title='bbox 826 1080 946 1131; x_wconf 83' lang='lat' dir='ltr'><strong>agat,</strong></span> <span class='ocrx_word' id='word_1_79' title='bbox 962 1076 1065 1131; x_wconf 90' lang='lat' dir='ltr'><strong>quis</strong></span> <span class='ocrx_word' id='word_1_80' title='bbox 1085 1076 1231 1118; x_wconf 86' lang='lat' dir='ltr'><strong>sidera</strong></span> <span class='ocrx_word' id='word_1_81' title='bbox 1250 1076 1384 1118; x_wconf 90' lang='lat' dir='ltr'><strong>ducat</strong></span> <span class='ocrx_word' id='word_1_82' title='bbox 1579 1077 1667 1121; x_wconf 81' lang='lat'><strong>360</strong></span> 
     </span>
     <span class='ocr_line' id='line_1_14' title="bbox 200 1143 1381 1202; baseline -0.003 -13"><span class='ocrx_word' id='word_1_83' title='bbox 200 1146 233 1189; x_wconf 93' lang='lat' dir='ltr'>S</span> <span class='ocrx_word' id='word_1_84' title='bbox 236 1147 408 1202; x_wconf 84' lang='lat' dir='ltr'><strong>pirituS,</strong></span> <span class='ocrx_word' id='word_1_85' title='bbox 428 1145 547 1188; x_wconf 88' lang='lat' dir='ltr'><strong>unde</strong></span> <span class='ocrx_word' id='word_1_86' title='bbox 568 1145 705 1187; x_wconf 88' lang='lat' dir='ltr'><strong>animi</strong></span> <span class='ocrx_word' id='word_1_87' title='bbox 725 1143 892 1196; x_wconf 90' lang='lat' dir='ltr'><strong>fluviis,</strong></span> <span class='ocrx_word' id='word_1_88' title='bbox 913 1157 1015 1199; x_wconf 78' lang='lat' dir='ltr'><strong>quae</strong></span> <span class='ocrx_word' id='word_1_89' title='bbox 1035 1144 1200 1200; x_wconf 89' lang='lat' dir='ltr'><strong>pabula</strong></span> <span class='ocrx_word' id='word_1_90' title='bbox 1219 1144 1381 1196; x_wconf 81' lang='lat' dir='ltr'><strong>ventiS‚</strong></span> 
     </span>
    </p>
   </div>
   <div class='ocr_carea' id='block_1_3' title="bbox 709 226 1181 266">
    <p class='ocr_par' dir='ltr' id='par_1_9' title="bbox 709 226 1181 266">
     <span class='ocr_line' id='line_1_15' title="bbox 709 226 1181 266; baseline 0.004 -4"><span class='ocrx_word' id='word_1_91' title='bbox 709 232 750 262; x_wconf 86' lang='lat' dir='ltr'><strong>P.</strong></span> <span class='ocrx_word' id='word_1_92' title='bbox 782 230 974 264; x_wconf 74' lang='lat' dir='ltr'><strong>PArlNu</strong></span> <span class='ocrx_word' id='word_1_93' title='bbox 1008 226 1181 266; x_wconf 75' lang='lat' dir='ltr'><strong>STA&#39;rn‘</strong></span> 
     </span>
    </p>
   </div>
   <div class='ocr_carea' id='block_1_4' title="bbox 190 1277 1671 1622">
    <p class='ocr_par' dir='ltr' id='par_1_10' title="bbox 190 1277 1671 1622">
     <span class='ocr_line' id='line_1_16' title="bbox 200 1277 1669 1321; baseline -0.001 -11"><span class='ocrx_word' id='word_1_94' title='bbox 200 1280 265 1310; x_wconf 72' lang='lat' dir='ltr'><strong>tem</strong></span> <span class='ocrx_word' id='word_1_95' title='bbox 277 1287 405 1311; x_wconf 75' lang='lat' dir='ltr'><strong>currum</strong></span> <span class='ocrx_word' id='word_1_96' title='bbox 418 1279 516 1311; x_wconf 63' lang='lat' dir='ltr'><strong>Pisces·</strong></span> <span class='ocrx_word' id='word_1_97' title='bbox 527 1279 672 1321; x_wconf 77' lang='lat' dir='ltr'><strong>parentis</strong></span> <span class='ocrx_word' id='word_1_98' title='bbox 679 1289 694 1318; x_wconf 89' lang='lat'><em>;</em></span> <span class='ocrx_word' id='word_1_99' title='bbox 707 1279 797 1311; x_wconf 84' lang='lat' dir='ltr'><strong>ambo</strong></span> <span class='ocrx_word' id='word_1_100' title='bbox 810 1287 920 1311; x_wconf 76' lang='lat' dir='ltr'><strong>currus</strong></span> <span class='ocrx_word' id='word_1_101' title='bbox 933 1282 1025 1311; x_wconf 82' lang='lat' dir='ltr'><strong>erant</strong></span> <span class='ocrx_word' id='word_1_102' title='bbox 1029 1279 1146 1319; x_wconf 77' lang='lat' dir='ltr'><strong>soedati</strong></span> <span class='ocrx_word' id='word_1_103' title='bbox 1160 1278 1317 1311; x_wconf 74' lang='lat' dir='ltr'><strong>atrocibus</strong></span> <span class='ocrx_word' id='word_1_104' title='bbox 1330 1277 1450 1320; x_wconf 78' lang='lat' dir='ltr'><strong>spoliis,</strong></span> <span class='ocrx_word' id='word_1_105' title='bbox 1470 1281 1503 1310; x_wconf 83' lang='lat' dir='ltr'><strong>et</strong></span> <span class='ocrx_word' id='word_1_106' title='bbox 1517 1277 1669 1309; x_wconf 80' lang='lat' dir='ltr'><strong>horrendo</strong></span> 
     </span>
     <span class='ocr_line' id='line_1_17' title="bbox 198 1320 1671 1363; baseline 0 -11"><span class='ocrx_word' id='word_1_107' title='bbox 198 1330 321 1353; x_wconf 73' lang='lat' dir='ltr'><strong>cruore.</strong></span> <span class='ocrx_word' id='word_1_108' title='bbox 343 1323 427 1354; x_wconf 83' lang='lat' dir='ltr'><strong>Erat</strong></span> <span class='ocrx_word' id='word_1_109' title='bbox 439 1326 590 1355; x_wconf 79' lang='lat' dir='ltr'><strong>metarum</strong></span> <span class='ocrx_word' id='word_1_110' title='bbox 599 1323 667 1355; x_wconf 77' lang='lat' dir='ltr'><strong>vice</strong></span> <span class='ocrx_word' id='word_1_111' title='bbox 678 1322 751 1354; x_wconf 77' lang='lat' dir='ltr'><strong>hinc</strong></span> <span class='ocrx_word' id='word_1_112' title='bbox 759 1332 891 1363; x_wconf 79' lang='lat' dir='ltr'><strong>quercus</strong></span> <span class='ocrx_word' id='word_1_113' title='bbox 898 1323 963 1353; x_wconf 81' lang='lat' dir='ltr'><strong>solo</strong></span> <span class='ocrx_word' id='word_1_114' title='bbox 976 1325 1095 1362; x_wconf 79' lang='lat' dir='ltr'><strong>trunco,</strong></span> <span class='ocrx_word' id='word_1_115' title='bbox 1105 1322 1177 1353; x_wconf 85' lang='lat' dir='ltr'><strong>olim</strong></span> <span class='ocrx_word' id='word_1_116' title='bbox 1187 1322 1321 1363; x_wconf 82' lang='lat' dir='ltr'><strong>spoliata</strong></span> <span class='ocrx_word' id='word_1_117' title='bbox 1331 1320 1473 1353; x_wconf 77' lang='lat' dir='ltr'><strong>omnibus</strong></span> <span class='ocrx_word' id='word_1_118' title='bbox 1481 1321 1590 1358; x_wconf 74' lang='lat' dir='ltr'><strong>ramis,</strong></span> <span class='ocrx_word' id='word_1_119' title='bbox 1597 1320 1671 1352; x_wconf 72' lang='lat' dir='ltr'><strong>hinc</strong></span> 
     </span>
     <span class='ocr_line' id='line_1_18' title="bbox 200 1363 1671 1406; baseline -0.001 -10"><span class='ocrx_word' id='word_1_120' title='bbox 200 1364 283 1406; x_wconf 79' lang='lat' dir='ltr'><strong>lapis</strong></span> <span class='ocrx_word' id='word_1_121' title='bbox 294 1366 470 1397; x_wconf 80' lang='lat' dir='ltr'><strong>terminalis</strong></span> <span class='ocrx_word' id='word_1_122' title='bbox 476 1365 579 1405; x_wconf 58' lang='lat' dir='ltr'><strong>„iudex</strong></span> <span class='ocrx_word' id='word_1_123' title='bbox 591 1366 677 1398; x_wconf 79' lang='lat' dir='ltr'><strong>inter</strong></span> <span class='ocrx_word' id='word_1_124' title='bbox 691 1365 856 1406; x_wconf 78' lang='lat' dir='ltr'><strong>agricolas.</strong></span> <span class='ocrx_word' id='word_1_125' title='bbox 881 1365 1085 1397; x_wconf 75' lang='lat' dir='ltr'><strong>Intervallum</strong></span> <span class='ocrx_word' id='word_1_126' title='bbox 1098 1366 1181 1397; x_wconf 80' lang='lat' dir='ltr'><strong>inter</strong></span> <span class='ocrx_word' id='word_1_127' title='bbox 1195 1368 1268 1397; x_wconf 79' lang='lat' dir='ltr'><strong>atra</strong></span> <span class='ocrx_word' id='word_1_128' title='bbox 1374 1363 1505 1395; x_wconf 76' lang='lat' dir='ltr'><strong>limitem</strong></span> <span class='ocrx_word' id='word_1_129' title='bbox 1517 1364 1579 1395; x_wconf 69' lang='lat' dir='ltr'><strong>tale</strong></span> <span class='ocrx_word' id='word_1_130' title='bbox 1589 1365 1671 1402; x_wconf 67' lang='lat' dir='ltr'><strong>erat,</strong></span> 
     </span>
     <span class='ocr_line' id='line_1_19' title="bbox 200 1406 1670 1450; baseline -0.001 -11"><span class='ocrx_word' id='word_1_131' title='bbox 200 1407 292 1447; x_wconf 79' lang='lat' dir='ltr'><strong>quale</strong></span> <span class='ocrx_word' id='word_1_132' title='bbox 301 1410 533 1440; x_wconf 76' lang='lat' dir='ltr'><strong>transmitteres</strong></span> <span class='ocrx_word' id='word_1_133' title='bbox 543 1409 666 1441; x_wconf 76' lang='lat' dir='ltr'><strong>vibrato</strong></span> <span class='ocrx_word' id='word_1_134' title='bbox 677 1411 788 1450; x_wconf 77' lang='lat' dir='ltr'><strong>quater</strong></span> <span class='ocrx_word' id='word_1_135' title='bbox 794 1408 915 1448; x_wconf 75' lang='lat' dir='ltr'><strong>jaculo,</strong></span> <span class='ocrx_word' id='word_1_136' title='bbox 927 1412 959 1439; x_wconf 85' lang='lat' dir='ltr'><strong>et</strong></span> <span class='ocrx_word' id='word_1_137' title='bbox 969 1408 1082 1440; x_wconf 82' lang='lat' dir='ltr'><strong>emissa</strong></span> <span class='ocrx_word' id='word_1_138' title='bbox 1096 1411 1146 1439; x_wconf 84' lang='lat' dir='ltr'><strong>ter</strong></span> <span class='ocrx_word' id='word_1_139' title='bbox 1157 1408 1288 1448; x_wconf 75' lang='lat' dir='ltr'><strong>sagitta.</strong></span> <span class='ocrx_word' id='word_1_140' title='bbox 1311 1407 1437 1439; x_wconf 75' lang='lat' dir='ltr'><strong>Interea</strong></span> <span class='ocrx_word' id='word_1_141' title='bbox 1446 1406 1559 1448; x_wconf 73' lang='lat' dir='ltr'><strong>Apollo</strong></span> <span class='ocrx_word' id='word_1_142' title='bbox 1570 1406 1670 1438; x_wconf 79' lang='lat' dir='ltr'><strong>aelec-</strong></span> 
     </span>
     <span class='ocr_line' id='line_1_20' title="bbox 198 1449 1671 1493; baseline -0.001 -12"><span class='ocrx_word' id='word_1_143' title='bbox 198 1449 446 1491; x_wconf 76' lang='lat' dir='ltr'><strong>tansflorentem</strong></span> <span class='ocrx_word' id='word_1_144' title='bbox 457 1452 624 1484; x_wconf 82' lang='lat' dir='ltr'><strong>Musarum</strong></span> <span class='ocrx_word' id='word_1_145' title='bbox 636 1455 758 1492; x_wconf 65' lang='lat' dir='ltr'><strong>caetum,</strong></span> <span class='ocrx_word' id='word_1_146' title='bbox 769 1451 883 1491; x_wconf 72' lang='lat' dir='ltr'><strong>digitis</strong></span> <span class='ocrx_word' id='word_1_147' title='bbox 892 1451 1019 1482; x_wconf 78' lang='lat' dir='ltr'><strong>insertis</strong></span> <span class='ocrx_word' id='word_1_148' title='bbox 1019 1450 1142 1493; x_wconf 72' lang='lat' dir='ltr'><strong>fidibus</strong></span> <span class='ocrx_word' id='word_1_149' title='bbox 1153 1451 1297 1491; x_wconf 63' lang='lat' dir='ltr'><strong>cimai-12,</strong></span> <span class='ocrx_word' id='word_1_150' title='bbox 1306 1449 1492 1492; x_wconf 65' lang='lat' dir='ltr'><strong>respiciebat</strong></span> <span class='ocrx_word' id='word_1_151' title='bbox 1501 1449 1644 1489; x_wconf 78' lang='lat' dir='ltr'><strong>regiones</strong></span> <span class='ocrx_word' id='word_1_152' title='bbox 1652 1458 1671 1480; x_wconf 81' lang='lat' dir='ltr'><strong>e</strong></span> 
     </span>
     <span class='ocr_line' id='line_1_21' title="bbox 198 1492 1670 1535; baseline 0 -12"><span class='ocrx_word' id='word_1_153' title='bbox 198 1502 319 1525; x_wconf 77' lang='lat' dir='ltr'><strong>summo</strong></span> <span class='ocrx_word' id='word_1_154' title='bbox 330 1494 486 1526; x_wconf 73' lang='lat' dir='ltr'><strong>Parnassi</strong></span> <span class='ocrx_word' id='word_1_155' title='bbox 497 1495 666 1534; x_wconf 79' lang='lat' dir='ltr'><strong>cacumine,</strong></span> <span class='ocrx_word' id='word_1_156' title='bbox 680 1498 712 1527; x_wconf 82' lang='lat' dir='ltr'><strong>et</strong></span> <span class='ocrx_word' id='word_1_157' title='bbox 723 1494 853 1526; x_wconf 77' lang='lat' dir='ltr'><strong>canebat</strong></span> <span class='ocrx_word' id='word_1_158' title='bbox 863 1494 1003 1525; x_wconf 81' lang='lat' dir='ltr'><strong>Deorum</strong></span> <span class='ocrx_word' id='word_1_159' title='bbox 1015 1497 1086 1525; x_wconf 82' lang='lat' dir='ltr'><strong>acta</strong></span> <span class='ocrx_word' id='word_1_160' title='bbox 1096 1504 1108 1530; x_wconf 92' lang='lat'><strong>,·</strong></span> <span class='ocrx_word' id='word_1_161' title='bbox 1123 1503 1195 1525; x_wconf 85' lang='lat' dir='ltr'><strong>nam</strong></span> <span class='ocrx_word' id='word_1_162' title='bbox 1206 1493 1281 1535; x_wconf 77' lang='lat' dir='ltr'><strong>pias</strong></span> <span class='ocrx_word' id='word_1_163' title='bbox 1291 1502 1373 1534; x_wconf 85' lang='lat' dir='ltr'><strong>soepe</strong></span> <span class='ocrx_word' id='word_1_164' title='bbox 1381 1492 1536 1524; x_wconf 74' lang='lat' dir='ltr'><strong>cecinerat</strong></span> <span class='ocrx_word' id='word_1_165' title='bbox 1546 1492 1670 1531; x_wconf 68' lang='lat' dir='ltr'><strong>Jove-n,</strong></span> 
     </span>
     <span class='ocr_line' id='line_1_22' title="bbox 199 1535 1671 1579; baseline -0.001 -12"><span class='ocrx_word' id='word_1_166' title='bbox 199 1535 301 1576; x_wconf 72' lang='lat' dir='ltr'><strong>Phleg</strong></span> <span class='ocrx_word' id='word_1_167' title='bbox 307 1547 445 1579; x_wconf 79' lang='lat' dir='ltr'><strong>ramque,</strong></span> <span class='ocrx_word' id='word_1_168' title='bbox 455 1547 493 1569; x_wconf 75' lang='lat' dir='ltr'><strong>ac</strong></span> <span class='ocrx_word' id='word_1_169' title='bbox 502 1537 636 1570; x_wconf 79' lang='lat' dir='ltr'><strong>laborem</strong></span> <span class='ocrx_word' id='word_1_170' title='bbox 644 1538 693 1570; x_wconf 80' lang='lat' dir='ltr'><strong>sui</strong></span> <span class='ocrx_word' id='word_1_171' title='bbox 703 1537 868 1578; x_wconf 77' lang='lat' dir='ltr'><strong>serpentis,</strong></span> <span class='ocrx_word' id='word_1_172' title='bbox 881 1540 914 1568; x_wconf 87' lang='lat' dir='ltr'><strong>et</strong></span> <span class='ocrx_word' id='word_1_173' title='bbox 918 1536 1056 1576; x_wconf 81' lang='lat' dir='ltr'><strong>gloriam</strong></span> <span class='ocrx_word' id='word_1_174' title='bbox 1059 1536 1217 1575; x_wconf 71' lang='lat' dir='ltr'><strong>fratrum.</strong></span> <span class='ocrx_word' id='word_1_175' title='bbox 1241 1536 1326 1568; x_wconf 74' lang='grc' dir='ltr'><strong><em>Τιιπο</em></strong></span> <span class='ocrx_word' id='word_1_176' title='bbox 1334 1535 1445 1575; x_wconf 81' lang='lat' dir='ltr'><strong>refert,</strong></span> <span class='ocrx_word' id='word_1_177' title='bbox 1451 1535 1520 1577; x_wconf 70' lang='grc' dir='ltr'><strong>φάε</strong></span> <span class='ocrx_word' id='word_1_178' title='bbox 1528 1538 1671 1575; x_wconf 73' lang='lat' dir='ltr'><strong>torqueat</strong></span> 
     </span>
     <span class='ocr_line' id='line_1_23' title="bbox 190 1576 1671 1622; baseline -0.001 -11"><span class='ocrx_word' id='word_1_179' title='bbox 190 1578 346 1621; x_wconf 75' lang='lat' dir='ltr'><strong>fulmina,</strong></span> <span class='ocrx_word' id='word_1_180' title='bbox 368 1589 439 1622; x_wconf 77' lang='lat' dir='ltr'><strong>quoe</strong></span> <span class='ocrx_word' id='word_1_181' title='bbox 463 1590 549 1612; x_wconf 84' lang='lat' dir='ltr'><strong>mens</strong></span> <span class='ocrx_word' id='word_1_182' title='bbox 571 1584 664 1621; x_wconf 79' lang='lat' dir='ltr'><strong>regat</strong></span> <span class='ocrx_word' id='word_1_183' title='bbox 687 1583 788 1622; x_wconf 78' lang='lat' dir='ltr'><strong>astra,</strong></span> <span class='ocrx_word' id='word_1_184' title='bbox 812 1581 893 1612; x_wconf 82' lang='lat' dir='ltr'><strong>unde</strong></span> <span class='ocrx_word' id='word_1_185' title='bbox 915 1579 1110 1613; x_wconf 74' lang='lat' dir='ltr'><strong>incrementa</strong></span> <span class='ocrx_word' id='word_1_186' title='bbox 1133 1579 1287 1620; x_wconf 78' lang='lat' dir='ltr'><strong>amnibus,</strong></span> <span class='ocrx_word' id='word_1_187' title='bbox 1309 1589 1380 1620; x_wconf 72' lang='lat' dir='ltr'><strong>que</strong></span> <span class='ocrx_word' id='word_1_188' title='bbox 1393 1578 1542 1611; x_wconf 79' lang='lat' dir='ltr'><strong>alimenta</strong></span> <span class='ocrx_word' id='word_1_189' title='bbox 1556 1576 1671 1618; x_wconf 75' lang='lat' dir='ltr'><strong>ventis,</strong></span> 
     </span>
    </p>
   </div>
   <div class='ocr_carea' id='block_1_5' title="bbox 810 1675 1052 1688">
    <p class='ocr_par' dir='ltr' id='par_1_11' title="bbox 810 1675 1052 1688">
     <span class='ocr_line' id='line_1_24' title="bbox 810 1675 1052 1688; baseline -0.004 0"><span class='ocrx_word' id='word_1_190' title='bbox 810 1675 1052 1688; x_wconf 55' lang='lat'><strong>‘09001000000</strong></span> 
     </span>
    </p>
   </div>
   <div class='ocr_carea' id='block_1_6' title="bbox 178 1737 1669 1905">
    <p class='ocr_par' dir='ltr' id='par_1_12' title="bbox 178 1737 1669 1905">
     <span class='ocr_line' id='line_1_25' title="bbox 198 1737 1669 1785; baseline -0.001 -12"><span class='ocrx_word' id='word_1_191' title='bbox 198 1740 442 1774; x_wconf 81' lang='lat' dir='ltr'><strong>codice.-—353</strong></span> <span class='ocrx_word' id='word_1_192' title='bbox 466 1743 549 1775; x_wconf 88' lang='lat' dir='ltr'><strong>Put.</strong></span> <span class='ocrx_word' id='word_1_193' title='bbox 565 1742 652 1782; x_wconf 74' lang='lat' dir='ltr'><strong>facit</strong></span> <span class='ocrx_word' id='word_1_194' title='bbox 671 1743 754 1776; x_wconf 77' lang='lat' dir='ltr'><strong>inter</strong></span> <span class='ocrx_word' id='word_1_195' title='bbox 767 1745 1051 1785; x_wconf 57' lang='lat' dir='ltr'><strong>ammaum—358</strong></span> <span class='ocrx_word' id='word_1_196' title='bbox 1064 1741 1228 1784; x_wconf 85' lang='lat' dir='ltr'><strong>Optimus</strong></span> <span class='ocrx_word' id='word_1_197' title='bbox 1246 1740 1368 1773; x_wconf 85' lang='lat' dir='ltr'><strong>Barth.</strong></span> <span class='ocrx_word' id='word_1_198' title='bbox 1383 1740 1456 1781; x_wconf 72' lang='lat' dir='ltr'><strong>jam</strong></span> <span class='ocrx_word' id='word_1_199' title='bbox 1468 1749 1560 1781; x_wconf 73' lang='lat' dir='ltr'><strong>sape.</strong></span> <span class='ocrx_word' id='word_1_200' title='bbox 1574 1737 1669 1772; x_wconf 73' lang='lat' dir='ltr'><strong>Dan·</strong></span> 
     </span>
     <span class='ocr_line' id='line_1_26' title="bbox 178 1783 1667 1827; baseline -0.005 -7"><span class='ocrx_word' id='word_1_201' title='bbox 178 1817 181 1820; x_wconf 78' lang='grc'>,</span> <span class='ocrx_word' id='word_1_202' title='bbox 198 1783 441 1827; x_wconf 71' lang='lat' dir='ltr'><strong>Phlaegroeaque</strong></span> <span class='ocrx_word' id='word_1_203' title='bbox 455 1789 682 1818; x_wconf 57' lang='lat' dir='ltr'><strong>castra—359</strong></span> <span class='ocrx_word' id='word_1_204' title='bbox 705 1788 797 1819; x_wconf 81' lang='lat' dir='ltr'><strong>Dan.</strong></span> <span class='ocrx_word' id='word_1_205' title='bbox 813 1787 895 1819; x_wconf 86' lang='lat' dir='ltr'><strong>Put.</strong></span> <span class='ocrx_word' id='word_1_206' title='bbox 911 1787 1035 1819; x_wconf 79' lang='lat' dir='ltr'><strong>Petav.</strong></span> <span class='ocrx_word' id='word_1_207' title='bbox 1059 1790 1094 1817; x_wconf 84' lang='lat' dir='ltr'><strong>et</strong></span> <span class='ocrx_word' id='word_1_208' title='bbox 1118 1784 1197 1816; x_wconf 89' lang='lat' dir='ltr'><strong>edd.</strong></span> <span class='ocrx_word' id='word_1_209' title='bbox 1213 1788 1300 1816; x_wconf 84' lang='lat' dir='ltr'><strong>vett.</strong></span> <span class='ocrx_word' id='word_1_210' title='bbox 1313 1784 1381 1825; x_wconf 74' lang='lat' dir='ltr'><strong>pios</strong></span> <span class='ocrx_word' id='word_1_211' title='bbox 1391 1795 1404 1823; x_wconf 88' lang='lat'><strong>,-</strong></span> <span class='ocrx_word' id='word_1_212' title='bbox 1427 1784 1533 1824; x_wconf 76' lang='lat' dir='ltr'><strong>Lang.</strong></span> <span class='ocrx_word' id='word_1_213' title='bbox 1562 1783 1667 1814; x_wconf 73' lang='lat' dir='ltr'><strong>Laut.</strong></span> 
     </span>
     <span class='ocr_line' id='line_1_27' title="bbox 198 1825 1669 1873; baseline -0.001 -15"><span class='ocrx_word' id='word_1_214' title='bbox 198 1826 333 1859; x_wconf 88' lang='lat' dir='ltr'><strong>Buslid.</strong></span> <span class='ocrx_word' id='word_1_215' title='bbox 351 1828 501 1870; x_wconf 87' lang='lat' dir='ltr'><strong>Lipsian.</strong></span> <span class='ocrx_word' id='word_1_216' title='bbox 518 1834 666 1871; x_wconf 87' lang='lat' dir='ltr'><strong>uterque</strong></span> <span class='ocrx_word' id='word_1_217' title='bbox 680 1829 803 1862; x_wconf 79' lang='lat' dir='ltr'><strong>Behot.</strong></span> <span class='ocrx_word' id='word_1_218' title='bbox 825 1835 862 1861; x_wconf 84' lang='lat' dir='ltr'><strong>et</strong></span> <span class='ocrx_word' id='word_1_219' title='bbox 887 1829 1045 1871; x_wconf 80' lang='lat' dir='ltr'><strong>plerique</strong></span> <span class='ocrx_word' id='word_1_220' title='bbox 1073 1825 1265 1866; x_wconf 67' lang='lat' dir='ltr'><strong>nunnioni,</strong></span> <span class='ocrx_word' id='word_1_221' title='bbox 1284 1827 1379 1868; x_wconf 60' lang='lat' dir='ltr'><strong>pinu</strong></span> <span class='ocrx_word' id='word_1_222' title='bbox 1409 1830 1446 1858; x_wconf 88' lang='lat' dir='ltr'><strong>et</strong></span> <span class='ocrx_word' id='word_1_223' title='bbox 1474 1825 1524 1858; x_wconf 90' lang='lat' dir='ltr'><strong>sic</strong></span> <span class='ocrx_word' id='word_1_224' title='bbox 1550 1825 1669 1873; x_wconf 67' lang='lat' dir='ltr'><strong>edide3</strong></span> 
     </span>
     <span class='ocr_line' id='line_1_28' title="bbox 199 1867 1669 1905; baseline -0.003 -3"><span class='ocrx_word' id='word_1_225' title='bbox 199 1875 281 1903; x_wconf 87' lang='lat' dir='ltr'><strong>runt</strong></span> <span class='ocrx_word' id='word_1_226' title='bbox 293 1870 436 1904; x_wconf 86' lang='lat' dir='ltr'><strong>Gevart.</strong></span> <span class='ocrx_word' id='word_1_227' title='bbox 465 1872 557 1905; x_wconf 86' lang='lat' dir='ltr'><strong>Dan.</strong></span> <span class='ocrx_word' id='word_1_228' title='bbox 581 1871 702 1904; x_wconf 83' lang='lat' dir='ltr'><strong>Heins.</strong></span> <span class='ocrx_word' id='word_1_229' title='bbox 718 1872 754 1904; x_wconf 89' lang='lat' dir='ltr'><strong>in</strong></span> <span class='ocrx_word' id='word_1_230' title='bbox 769 1872 914 1905; x_wconf 87' lang='lat' dir='ltr'><strong>Amstel.</strong></span> <span class='ocrx_word' id='word_1_231' title='bbox 942 1871 1096 1905; x_wconf 87' lang='lat' dir='ltr'><strong>Gronov.</strong></span> <span class='ocrx_word' id='word_1_232' title='bbox 1112 1869 1234 1903; x_wconf 83' lang='lat' dir='ltr'><strong>Barth.</strong></span> <span class='ocrx_word' id='word_1_233' title='bbox 1255 1870 1368 1902; x_wconf 82' lang='lat' dir='ltr'><strong>Vcen.</strong></span> <span class='ocrx_word' id='word_1_234' title='bbox 1393 1871 1459 1902; x_wconf 73' lang='grc' dir='ltr'><strong>διο.</strong></span> <span class='ocrx_word' id='word_1_235' title='bbox 1504 1867 1669 1902; x_wconf 73' lang='lat' dir='ltr'><strong>Nonnulli</strong></span> 
     </span>
    </p>
   </div>
   <div class='ocr_carea' id='block_1_7' title="bbox 241 1968 1667 2075">
    <p class='ocr_par' dir='ltr' id='par_1_13' title="bbox 241 1968 1667 2075">
     <span class='ocr_line' id='line_1_29' title="bbox 859 1968 1000 2001; baseline -0.014 0"><span class='ocrx_word' id='word_1_236' title='bbox 859 1968 1000 2001; x_wconf 83' lang='lat' dir='ltr'><strong>NOTAE</strong></span> 
     </span>
     <span class='ocr_line' id='line_1_30' title="bbox 241 2027 1667 2075; baseline -0.002 -11"><span class='ocrx_word' id='word_1_237' title='bbox 241 2034 307 2064; x_wconf 75' lang='lat'><strong>349</strong></span> <span class='ocrx_word' id='word_1_238' title='bbox 336 2031 440 2064; x_wconf 79' lang='lat' dir='ltr'><strong>Pisoei</strong></span> <span class='ocrx_word' id='word_1_239' title='bbox 460 2031 580 2074; x_wconf 76' lang='lat' dir='ltr'><strong>patris]</strong></span> <span class='ocrx_word' id='word_1_240' title='bbox 613 2033 783 2075; x_wconf 79' lang='lat' dir='ltr'><strong>OEnomai,</strong></span> <span class='ocrx_word' id='word_1_241' title='bbox 807 2033 903 2075; x_wconf 87' lang='lat' dir='ltr'><strong>cujus</strong></span> <span class='ocrx_word' id='word_1_242' title='bbox 999 2034 1064 2064; x_wconf 79' lang='grc'><strong>357</strong></span> <span class='ocrx_word' id='word_1_243' title='bbox 1109 2029 1278 2071; x_wconf 75' lang='lat' dir='ltr'><strong>Parnassi]</strong></span> <span class='ocrx_word' id='word_1_244' title='bbox 1325 2027 1456 2061; x_wconf 76' lang='lat' dir='ltr'><strong>Montis</strong></span> <span class='ocrx_word' id='word_1_245' title='bbox 1494 2027 1667 2061; x_wconf 75' lang='lat' dir='ltr'><strong>Phocidos</strong></span> 
     </span>
    </p>
   </div>
   <div class='ocr_carea' id='block_1_8' title="bbox 190 2082 906 2826">
    <p class='ocr_par' dir='ltr' id='par_1_14' title="bbox 196 2082 499 2122">
     <span class='ocr_line' id='line_1_31' title="bbox 196 2082 499 2122; baseline 0.003 -8"><span class='ocrx_word' id='word_1_246' title='bbox 196 2083 292 2122; x_wconf 81' lang='lat' dir='ltr'><strong>regia</strong></span> <span class='ocrx_word' id='word_1_247' title='bbox 308 2082 399 2114; x_wconf 84' lang='lat' dir='ltr'><strong>Pisae</strong></span> <span class='ocrx_word' id='word_1_248' title='bbox 414 2088 499 2115; x_wconf 84' lang='lat' dir='ltr'><strong>erat.</strong></span> 
     </span>
    </p>

    <p class='ocr_par' dir='ltr' id='par_1_15' title="bbox 194 2132 903 2328">
     <span class='ocr_line' id='line_1_32' title="bbox 240 2132 903 2174; baseline 0.003 -10"><span class='ocrx_word' id='word_1_249' title='bbox 240 2135 306 2164; x_wconf 77' lang='lat'><strong>350</strong></span> <span class='ocrx_word' id='word_1_250' title='bbox 330 2132 431 2174; x_wconf 83' lang='lat' dir='ltr'><strong>Diro]</strong></span> <span class='ocrx_word' id='word_1_251' title='bbox 454 2133 496 2165; x_wconf 87' lang='lat' dir='ltr'><strong>Id</strong></span> <span class='ocrx_word' id='word_1_252' title='bbox 513 2137 578 2174; x_wconf 83' lang='lat' dir='ltr'><strong>est,</strong></span> <span class='ocrx_word' id='word_1_253' title='bbox 589 2135 738 2166; x_wconf 85' lang='lat' dir='ltr'><strong>humano</strong></span> <span class='ocrx_word' id='word_1_254' title='bbox 753 2132 903 2166; x_wconf 87' lang='lat' dir='ltr'><strong>crudeli·</strong></span> 
     </span>
     <span class='ocr_line' id='line_1_33' title="bbox 196 2182 902 2226; baseline 0.001 -11"><span class='ocrx_word' id='word_1_255' title='bbox 196 2189 253 2216; x_wconf 82' lang='lat' dir='ltr'><strong>ter</strong></span> <span class='ocrx_word' id='word_1_256' title='bbox 266 2182 395 2216; x_wconf 82' lang='lat' dir='ltr'><strong>effuso:</strong></span> <span class='ocrx_word' id='word_1_257' title='bbox 419 2185 605 2216; x_wconf 81' lang='lat' dir='ltr'><strong>OEnomaus</strong></span> <span class='ocrx_word' id='word_1_258' title='bbox 620 2186 709 2216; x_wconf 90' lang='lat' dir='ltr'><strong>enim</strong></span> <span class='ocrx_word' id='word_1_259' title='bbox 725 2193 848 2226; x_wconf 88' lang='lat' dir='ltr'><strong>procos</strong></span> <span class='ocrx_word' id='word_1_260' title='bbox 862 2183 902 2216; x_wconf 89' lang='lat' dir='ltr'><strong>fi·</strong></span> 
     </span>
     <span class='ocr_line' id='line_1_34' title="bbox 194 2234 902 2274; baseline 0 -9"><span class='ocrx_word' id='word_1_261' title='bbox 194 2234 251 2266; x_wconf 80' lang='lat' dir='ltr'><strong>liae</strong></span> <span class='ocrx_word' id='word_1_262' title='bbox 267 2234 378 2266; x_wconf 83' lang='lat' dir='ltr'><strong>victos</strong></span> <span class='ocrx_word' id='word_1_263' title='bbox 392 2234 591 2274; x_wconf 76' lang='lat' dir='ltr'><strong>occidebat,</strong></span> <span class='ocrx_word' id='word_1_264' title='bbox 607 2234 797 2267; x_wconf 80' lang='lat' dir='ltr'><strong>Diomedes</strong></span> <span class='ocrx_word' id='word_1_265' title='bbox 819 2242 902 2266; x_wconf 87' lang='lat' dir='ltr'><strong>vero</strong></span> 
     </span>
     <span class='ocr_line' id='line_1_35' title="bbox 194 2285 773 2328; baseline 0 -12"><span class='ocrx_word' id='word_1_266' title='bbox 194 2285 343 2317; x_wconf 80' lang='lat' dir='ltr'><strong>hnmana</strong></span> <span class='ocrx_word' id='word_1_267' title='bbox 359 2294 463 2317; x_wconf 81' lang='lat' dir='ltr'><strong>carne</strong></span> <span class='ocrx_word' id='word_1_268' title='bbox 475 2295 582 2328; x_wconf 86' lang='lat' dir='ltr'><strong>equos</strong></span> <span class='ocrx_word' id='word_1_269' title='bbox 597 2285 773 2327; x_wconf 81' lang='lat' dir='ltr'><strong>pascebat.</strong></span> 
     </span>
    </p>

    <p class='ocr_par' dir='ltr' id='par_1_16' title="bbox 190 2336 906 2730">
     <span class='ocr_line' id='line_1_36' title="bbox 239 2336 903 2369; baseline 0 -2"><span class='ocrx_word' id='word_1_270' title='bbox 239 2338 302 2367; x_wconf 80' lang='grc'><strong>351</strong></span> <span class='ocrx_word' id='word_1_271' title='bbox 329 2336 491 2368; x_wconf 78' lang='lat' dir='ltr'><strong>Metarum</strong></span> <span class='ocrx_word' id='word_1_272' title='bbox 514 2337 616 2369; x_wconf 76' lang='lat' dir='ltr'><strong>instar</strong></span> <span class='ocrx_word' id='word_1_273' title='bbox 639 2339 707 2368; x_wconf 78' lang='lat' dir='ltr'><strong>erat</strong></span> <span class='ocrx_word' id='word_1_274' title='bbox 726 2336 800 2368; x_wconf 78' lang='lat' dir='ltr'><strong>hinc</strong></span> <span class='ocrx_word' id='word_1_275' title='bbox 821 2336 903 2368; x_wconf 78' lang='lat' dir='ltr'><strong>nudo</strong></span> 
     </span>
     <span class='ocr_line' id='line_1_37' title="bbox 193 2386 903 2427; baseline 0.001 -10"><span class='ocrx_word' id='word_1_276' title='bbox 193 2386 303 2418; x_wconf 79' lang='lat' dir='ltr'><strong>robore</strong></span> <span class='ocrx_word' id='word_1_277' title='bbox 317 2395 461 2427; x_wconf 79' lang='lat' dir='ltr'><strong>quercus,</strong></span> <span class='ocrx_word' id='word_1_278' title='bbox 475 2386 548 2427; x_wconf 55' lang='grc' dir='ltr'><strong>ξω]</strong></span> <span class='ocrx_word' id='word_1_279' title='bbox 569 2386 718 2419; x_wconf 80' lang='lat' dir='ltr'><strong>Sensus:</strong></span> <span class='ocrx_word' id='word_1_280' title='bbox 735 2386 903 2419; x_wconf 87' lang='lat' dir='ltr'><strong>Curruum</strong></span> 
     </span>
     <span class='ocr_line' id='line_1_38' title="bbox 194 2435 905 2478; baseline 0.003 -11"><span class='ocrx_word' id='word_1_281' title='bbox 194 2435 381 2468; x_wconf 82' lang='lat' dir='ltr'><strong>velocitate</strong></span> <span class='ocrx_word' id='word_1_282' title='bbox 418 2437 605 2469; x_wconf 84' lang='lat' dir='ltr'><strong>certaturis</strong></span> <span class='ocrx_word' id='word_1_283' title='bbox 643 2436 774 2478; x_wconf 88' lang='lat' dir='ltr'><strong>duplex</strong></span> <span class='ocrx_word' id='word_1_284' title='bbox 811 2440 905 2469; x_wconf 82' lang='lat' dir='ltr'><strong>meta</strong></span> 
     </span>
     <span class='ocr_line' id='line_1_39' title="bbox 194 2485 906 2527; baseline -0.001 -8"><span class='ocrx_word' id='word_1_285' title='bbox 194 2491 367 2527; x_wconf 79' lang='lat' dir='ltr'><strong>crat‚una</strong></span> <span class='ocrx_word' id='word_1_286' title='bbox 381 2485 473 2518; x_wconf 87' lang='lat' dir='ltr'><strong>unde</strong></span> <span class='ocrx_word' id='word_1_287' title='bbox 496 2487 656 2527; x_wconf 81' lang='lat' dir='ltr'><strong>exirent3</strong></span> <span class='ocrx_word' id='word_1_288' title='bbox 688 2488 800 2519; x_wconf 80' lang='lat' dir='ltr'><strong>altera</strong></span> <span class='ocrx_word' id='word_1_289' title='bbox 814 2486 906 2519; x_wconf 88' lang='lat' dir='ltr'><strong>unde</strong></span> 
     </span>
     <span class='ocr_line' id='line_1_40' title="bbox 194 2537 903 2580; baseline 0.001 -11"><span class='ocrx_word' id='word_1_290' title='bbox 194 2541 483 2580; x_wconf 74' lang='lat' dir='ltr'><strong>reverterentur-3</strong></span> <span class='ocrx_word' id='word_1_291' title='bbox 515 2537 607 2570; x_wconf 86' lang='lat' dir='ltr'><strong>inter</strong></span> <span class='ocrx_word' id='word_1_292' title='bbox 620 2538 680 2570; x_wconf 83' lang='lat' dir='ltr'><strong>bas</strong></span> <span class='ocrx_word' id='word_1_293' title='bbox 695 2547 778 2570; x_wconf 89' lang='lat' dir='ltr'><strong>vero</strong></span> <span class='ocrx_word' id='word_1_294' title='bbox 793 2542 903 2570; x_wconf 87' lang='lat' dir='ltr'><strong>metas</strong></span> 
     </span>
     <span class='ocr_line' id='line_1_41' title="bbox 195 2587 903 2630; baseline 0 -11"><span class='ocrx_word' id='word_1_295' title='bbox 195 2587 345 2629; x_wconf 83' lang='lat' dir='ltr'><strong>spatium</strong></span> <span class='ocrx_word' id='word_1_296' title='bbox 368 2587 538 2629; x_wconf 86' lang='lat' dir='ltr'><strong>ejusmodi</strong></span> <span class='ocrx_word' id='word_1_297' title='bbox 554 2588 798 2630; x_wconf 81' lang='lat' dir='ltr'><strong>interjacebat,</strong></span> <span class='ocrx_word' id='word_1_298' title='bbox 813 2587 903 2630; x_wconf 87' lang='lat' dir='ltr'><strong>quod</strong></span> 
     </span>
     <span class='ocr_line' id='line_1_42' title="bbox 190 2638 903 2680; baseline 0.001 -11"><span class='ocrx_word' id='word_1_299' title='bbox 190 2638 310 2679; x_wconf 79' lang='lat' dir='ltr'><strong>jaculo</strong></span> <span class='ocrx_word' id='word_1_300' title='bbox 338 2643 461 2680; x_wconf 82' lang='lat' dir='ltr'><strong>quater</strong></span> <span class='ocrx_word' id='word_1_301' title='bbox 488 2638 624 2676; x_wconf 84' lang='lat' dir='ltr'><strong>emisso,</strong></span> <span class='ocrx_word' id='word_1_302' title='bbox 649 2643 710 2672; x_wconf 86' lang='lat' dir='ltr'><strong>aut</strong></span> <span class='ocrx_word' id='word_1_303' title='bbox 736 2639 903 2671; x_wconf 87' lang='lat' dir='ltr'><strong>arundine</strong></span> 
     </span>
     <span class='ocr_line' id='line_1_43' title="bbox 197 2689 802 2730; baseline 0.003 -10"><span class='ocrx_word' id='word_1_304' title='bbox 197 2693 252 2720; x_wconf 86' lang='lat' dir='ltr'><strong>ter</strong></span> <span class='ocrx_word' id='word_1_305' title='bbox 267 2689 403 2728; x_wconf 85' lang='lat' dir='ltr'><strong>emissa,</strong></span> <span class='ocrx_word' id='word_1_306' title='bbox 419 2699 537 2730; x_wconf 82' lang='lat' dir='ltr'><strong>posses</strong></span> <span class='ocrx_word' id='word_1_307' title='bbox 553 2691 802 2722; x_wconf 78' lang='lat' dir='ltr'><strong>transmittere.</strong></span> 
     </span>
    </p>

    <p class='ocr_par' dir='ltr' id='par_1_17' title="bbox 194 2739 902 2826">
     <span class='ocr_line' id='line_1_44' title="bbox 237 2739 902 2781; baseline 0.003 -11"><span class='ocrx_word' id='word_1_308' title='bbox 237 2740 303 2771; x_wconf 77' lang='lat'><strong>356</strong></span> <span class='ocrx_word' id='word_1_309' title='bbox 341 2739 486 2771; x_wconf 77' lang='lat' dir='ltr'><strong>Citharoe</strong></span> <span class='ocrx_word' id='word_1_310' title='bbox 510 2750 620 2772; x_wconf 80' lang='lat' dir='ltr'><strong>manus</strong></span> <span class='ocrx_word' id='word_1_311' title='bbox 644 2740 798 2781; x_wconf 70' lang='lat' dir='ltr'><strong>inser-tus]</strong></span> <span class='ocrx_word' id='word_1_312' title='bbox 836 2740 902 2774; x_wconf 87' lang='lat' dir='ltr'><strong>Cui</strong></span> 
     </span>
     <span class='ocr_line' id='line_1_45' title="bbox 194 2789 888 2826; baseline 0.006 -5"><span class='ocrx_word' id='word_1_313' title='bbox 194 2798 315 2822; x_wconf 74' lang='lat' dir='ltr'><strong>manus</strong></span> <span class='ocrx_word' id='word_1_314' title='bbox 331 2789 470 2823; x_wconf 75' lang='lat' dir='ltr'><strong>insertae</strong></span> <span class='ocrx_word' id='word_1_315' title='bbox 488 2796 567 2824; x_wconf 85' lang='lat' dir='ltr'><strong>sunt</strong></span> <span class='ocrx_word' id='word_1_316' title='bbox 582 2791 719 2825; x_wconf 85' lang='lat' dir='ltr'><strong>chordis</strong></span> <span class='ocrx_word' id='word_1_317' title='bbox 734 2792 888 2826; x_wconf 56' lang='lat' dir='ltr'><strong>citharae.</strong></span> 
     </span>
    </p>
   </div>
   <div class='ocr_carea' id='block_1_9' title="bbox 956 2079 1668 2171">
    <p class='ocr_par' dir='ltr' id='par_1_18' title="bbox 956 2079 1668 2171">
     <span class='ocr_line' id='line_1_46' title="bbox 956 2079 1402 2123; baseline -0.009 -9"><span class='ocrx_word' id='word_1_318' title='bbox 956 2081 1109 2123; x_wconf 78' lang='lat' dir='ltr'><strong>Apollini</strong></span> <span class='ocrx_word' id='word_1_319' title='bbox 1126 2086 1162 2112; x_wconf 84' lang='lat' dir='ltr'><strong>et</strong></span> <span class='ocrx_word' id='word_1_320' title='bbox 1175 2080 1286 2112; x_wconf 84' lang='lat' dir='ltr'><strong>Musis</strong></span> <span class='ocrx_word' id='word_1_321' title='bbox 1302 2079 1402 2111; x_wconf 82' lang='lat' dir='ltr'><strong>sacri.</strong></span> 
     </span>
     <span class='ocr_line' id='line_1_47' title="bbox 999 2128 1668 2171; baseline -0.006 -7"><span class='ocrx_word' id='word_1_322' title='bbox 999 2134 1063 2164; x_wconf 78' lang='grc'><strong>358</strong></span> <span class='ocrx_word' id='word_1_323' title='bbox 1098 2129 1348 2171; x_wconf 76' lang='lat' dir='ltr'><strong>Phlegramque]</strong></span> <span class='ocrx_word' id='word_1_324' title='bbox 1380 2128 1530 2170; x_wconf 73' lang='lat' dir='ltr'><strong>Phlegra</strong></span> <span class='ocrx_word' id='word_1_325' title='bbox 1557 2129 1668 2170; x_wconf 79' lang='lat' dir='ltr'><strong>locus,</strong></span> 
     </span>
    </p>
   </div>
   <div class='ocr_carea' id='block_1_10' title="bbox 955 2178 1671 2225">
    <p class='ocr_par' dir='ltr' id='par_1_19' title="bbox 955 2178 1671 2225">
     <span class='ocr_line' id='line_1_48' title="bbox 955 2178 1671 2225; baseline -0.006 -10"><span class='ocrx_word' id='word_1_326' title='bbox 955 2183 990 2215; x_wconf 87' lang='lat' dir='ltr'><strong>in</strong></span> <span class='ocrx_word' id='word_1_327' title='bbox 1007 2192 1074 2225; x_wconf 88' lang='lat' dir='ltr'><strong>quo</strong></span> <span class='ocrx_word' id='word_1_328' title='bbox 1091 2182 1260 2223; x_wconf 74' lang='lat' dir='ltr'><strong>Gigantes</strong></span> <span class='ocrx_word' id='word_1_329' title='bbox 1284 2179 1369 2213; x_wconf 84' lang='lat' dir='ltr'><strong>victi</strong></span> <span class='ocrx_word' id='word_1_330' title='bbox 1389 2189 1410 2212; x_wconf 78' lang='lat' dir='ltr'><strong>a</strong></span> <span class='ocrx_word' id='word_1_331' title='bbox 1434 2179 1528 2216; x_wconf 86' lang='lat' dir='ltr'><strong>Diis,</strong></span> <span class='ocrx_word' id='word_1_332' title='bbox 1543 2184 1580 2211; x_wconf 89' lang='lat' dir='ltr'><strong>et</strong></span> <span class='ocrx_word' id='word_1_333' title='bbox 1603 2178 1671 2212; x_wconf 80' lang='lat' dir='ltr'><strong>ful·</strong></span> 
     </span>
    </p>
   </div>
   <div class='ocr_carea' id='block_1_11' title="bbox 951 2230 1669 2833">
    <p class='ocr_par' dir='ltr' id='par_1_20' title="bbox 955 2230 1669 2326">
     <span class='ocr_line' id='line_1_49' title="bbox 955 2230 1669 2274; baseline -0.004 -9"><span class='ocrx_word' id='word_1_334' title='bbox 955 2233 1103 2266; x_wconf 83' lang='lat' dir='ltr'><strong>minibus</strong></span> <span class='ocrx_word' id='word_1_335' title='bbox 1116 2232 1285 2274; x_wconf 85' lang='lat' dir='ltr'><strong>percussi.</strong></span> <span class='ocrx_word' id='word_1_336' title='bbox 1309 2231 1427 2272; x_wconf 63' lang='lat' dir='ltr'><strong>sanique</strong></span> <span class='ocrx_word' id='word_1_337' title='bbox 1436 2230 1564 2271; x_wconf 70' lang='lat' dir='ltr'><strong>Anguis</strong></span> <span class='ocrx_word' id='word_1_338' title='bbox 1576 2230 1669 2273; x_wconf 69' lang='lat' dir='ltr'><strong>opus]</strong></span> 
     </span>
     <span class='ocr_line' id='line_1_50' title="bbox 957 2282 1294 2326; baseline -0.006 -9"><span class='ocrx_word' id='word_1_339' title='bbox 957 2283 1096 2317; x_wconf 79' lang='lat' dir='ltr'><strong>Caedem</strong></span> <span class='ocrx_word' id='word_1_340' title='bbox 1113 2282 1294 2326; x_wconf 77' lang='lat' dir='ltr'><strong>Pythonis.</strong></span> 
     </span>
    </p>

    <p class='ocr_par' dir='ltr' id='par_1_21' title="bbox 955 2331 1667 2478">
     <span class='ocr_line' id='line_1_51' title="bbox 999 2331 1666 2376; baseline -0.003 -10"><span class='ocrx_word' id='word_1_341' title='bbox 999 2337 1064 2366; x_wconf 79' lang='lat'><strong>359</strong></span> <span class='ocrx_word' id='word_1_342' title='bbox 1086 2333 1183 2376; x_wconf 76' lang='lat' dir='ltr'><strong>Pius]</strong></span> <span class='ocrx_word' id='word_1_343' title='bbox 1217 2331 1367 2367; x_wconf 77' lang='lat' dir='ltr'><strong>Quidam</strong></span> <span class='ocrx_word' id='word_1_344' title='bbox 1385 2331 1523 2368; x_wconf 83' lang='lat' dir='ltr'><strong>codices</strong></span> <span class='ocrx_word' id='word_1_345' title='bbox 1535 2331 1666 2365; x_wconf 75' lang='lat' dir='ltr'><strong>habent</strong></span> 
     </span>
     <span class='ocr_line' id='line_1_52' title="bbox 955 2381 1666 2427; baseline -0.003 -9"><span class='ocrx_word' id='word_1_346' title='bbox 955 2385 1035 2427; x_wconf 78' lang='lat' dir='ltr'><strong>pios.</strong></span> <span class='ocrx_word' id='word_1_347' title='bbox 1094 2383 1256 2426; x_wconf 80' lang='lat' dir='ltr'><strong>Honores]</strong></span> <span class='ocrx_word' id='word_1_348' title='bbox 1291 2383 1469 2416; x_wconf 62' lang='lat' dir='ltr'><strong>Praeclara</strong></span> <span class='ocrx_word' id='word_1_349' title='bbox 1497 2381 1666 2424; x_wconf 69' lang='lat' dir='ltr'><strong>facinora,</strong></span> 
     </span>
     <span class='ocr_line' id='line_1_53' title="bbox 958 2433 1667 2478; baseline -0.004 -10"><span class='ocrx_word' id='word_1_350' title='bbox 958 2445 1003 2468; x_wconf 87' lang='lat' dir='ltr'><strong>ex</strong></span> <span class='ocrx_word' id='word_1_351' title='bbox 1017 2446 1084 2478; x_wconf 87' lang='lat' dir='ltr'><strong>quo</strong></span> <span class='ocrx_word' id='word_1_352' title='bbox 1094 2435 1260 2468; x_wconf 86' lang='lat' dir='ltr'><strong>honorem</strong></span> <span class='ocrx_word' id='word_1_353' title='bbox 1276 2433 1454 2467; x_wconf 86' lang='lat' dir='ltr'><strong>consecuti</strong></span> <span class='ocrx_word' id='word_1_354' title='bbox 1468 2436 1558 2466; x_wconf 83' lang='lat' dir='ltr'><strong>sunt.</strong></span> <span class='ocrx_word' id='word_1_355' title='bbox 1665 2458 1667 2461; x_wconf 89' lang='lat'>.</span> 
     </span>
    </p>

    <p class='ocr_par' dir='ltr' id='par_1_22' title="bbox 951 2484 1666 2833">
     <span class='ocr_line' id='line_1_54' title="bbox 1003 2484 1664 2527; baseline -0.008 -6"><span class='ocrx_word' id='word_1_356' title='bbox 1003 2491 1068 2521; x_wconf 76' lang='lat'><strong>860</strong></span> <span class='ocrx_word' id='word_1_357' title='bbox 1094 2488 1175 2524; x_wconf 74' lang='lat' dir='ltr'><strong>Quis</strong></span> <span class='ocrx_word' id='word_1_358' title='bbox 1187 2487 1293 2520; x_wconf 76' lang='lat' dir='ltr'><strong>sidera</strong></span> <span class='ocrx_word' id='word_1_359' title='bbox 1306 2487 1402 2519; x_wconf 71' lang='lat' dir='ltr'><strong>ducat</strong></span> <span class='ocrx_word' id='word_1_360' title='bbox 1417 2484 1574 2527; x_wconf 74' lang='lat' dir='ltr'><strong>spirim]</strong></span> <span class='ocrx_word' id='word_1_361' title='bbox 1604 2484 1664 2517; x_wconf 72' lang='lat' dir='ltr'><strong>So—</strong></span> 
     </span>
     <span class='ocr_line' id='line_1_55' title="bbox 960 2533 1665 2578; baseline -0.007 -7"><span class='ocrx_word' id='word_1_362' title='bbox 960 2538 1110 2572; x_wconf 88' lang='lat' dir='ltr'><strong>cundum</strong></span> <span class='ocrx_word' id='word_1_363' title='bbox 1133 2537 1344 2578; x_wconf 81' lang='lat' dir='ltr'><strong>Platonicos,</strong></span> <span class='ocrx_word' id='word_1_364' title='bbox 1363 2537 1424 2578; x_wconf 88' lang='lat' dir='ltr'><strong>qui</strong></span> <span class='ocrx_word' id='word_1_365' title='bbox 1444 2535 1557 2568; x_wconf 75' lang='lat' dir='ltr'><strong>omnia</strong></span> <span class='ocrx_word' id='word_1_366' title='bbox 1578 2533 1665 2566; x_wconf 79' lang='lat' dir='ltr'><strong>divi-</strong></span> 
     </span>
     <span class='ocr_line' id='line_1_56' title="bbox 958 2583 1664 2631; baseline -0.008 -9"><span class='ocrx_word' id='word_1_367' title='bbox 958 2600 1004 2622; x_wconf 89' lang='lat' dir='ltr'><strong>no</strong></span> <span class='ocrx_word' id='word_1_368' title='bbox 1031 2589 1157 2631; x_wconf 87' lang='lat' dir='ltr'><strong>spiritu</strong></span> <span class='ocrx_word' id='word_1_369' title='bbox 1185 2587 1321 2630; x_wconf 82' lang='lat' dir='ltr'><strong>impleri</strong></span> <span class='ocrx_word' id='word_1_370' title='bbox 1336 2586 1588 2628; x_wconf 77' lang='lat' dir='ltr'><strong>gubernarique</strong></span> <span class='ocrx_word' id='word_1_371' title='bbox 1614 2583 1664 2616; x_wconf 77' lang='lat' dir='ltr'><strong>ss-</strong></span> 
     </span>
     <span class='ocr_line' id='line_1_57' title="bbox 957 2635 1666 2681; baseline -0.007 -9"><span class='ocrx_word' id='word_1_372' title='bbox 957 2640 1107 2673; x_wconf 83' lang='lat' dir='ltr'><strong>firmaut.</strong></span> <span class='ocrx_word' id='word_1_373' title='bbox 1138 2639 1305 2681; x_wconf 85' lang='lat' dir='ltr'><strong>Virgilius</strong></span> <span class='ocrx_word' id='word_1_374' title='bbox 1318 2637 1453 2670; x_wconf 85' lang='lat' dir='ltr'><strong>AEneid.</strong></span> <span class='ocrx_word' id='word_1_375' title='bbox 1467 2646 1519 2669; x_wconf 78' lang='lat' dir='ltr'><strong>vr.</strong></span> <span class='ocrx_word' id='word_1_376' title='bbox 1542 2636 1553 2654; x_wconf 89' lang='lat'>‘</span> <span class='ocrx_word' id='word_1_377' title='bbox 1565 2635 1666 2668; x_wconf 84' lang='lat' dir='ltr'><strong>Prin·</strong></span> 
     </span>
     <span class='ocr_line' id='line_1_58' title="bbox 957 2685 1665 2733; baseline -0.01 -10"><span class='ocrx_word' id='word_1_378' title='bbox 957 2691 1049 2733; x_wconf 88' lang='lat' dir='ltr'><strong>cipio</strong></span> <span class='ocrx_word' id='word_1_379' title='bbox 1064 2690 1189 2722; x_wconf 83' lang='lat' dir='ltr'><strong>coelnm</strong></span> <span class='ocrx_word' id='word_1_380' title='bbox 1206 2699 1246 2721; x_wconf 85' lang='lat' dir='ltr'><strong>ac</strong></span> <span class='ocrx_word' id='word_1_381' title='bbox 1269 2693 1390 2728; x_wconf 82' lang='lat' dir='ltr'><strong>terras,</strong></span> <span class='ocrx_word' id='word_1_382' title='bbox 1403 2694 1609 2728; x_wconf 71' lang='lat' dir='ltr'><strong>camposque</strong></span> <span class='ocrx_word' id='word_1_383' title='bbox 1625 2685 1665 2717; x_wconf 87' lang='lat' dir='ltr'><strong>li-</strong></span> 
     </span>
     <span class='ocr_line' id='line_1_59' title="bbox 956 2735 1664 2783; baseline -0.01 -11"><span class='ocrx_word' id='word_1_384' title='bbox 956 2744 1117 2783; x_wconf 83' lang='lat' dir='ltr'><strong>quentes,</strong></span> <span class='ocrx_word' id='word_1_385' title='bbox 1133 2739 1391 2778; x_wconf 86' lang='lat' dir='ltr'><strong>Lucentemque</strong></span> <span class='ocrx_word' id='word_1_386' title='bbox 1408 2735 1544 2778; x_wconf 76' lang='lat' dir='ltr'><strong>globum</strong></span> <span class='ocrx_word' id='word_1_387' title='bbox 1560 2735 1664 2775; x_wconf 64' lang='lat' dir='ltr'><strong>luna,</strong></span> 
     </span>
     <span class='ocr_line' id='line_1_60' title="bbox 951 2783 1666 2833; baseline -0.01 -9"><span class='ocrx_word' id='word_1_388' title='bbox 951 2791 1158 2833; x_wconf 75' lang='lat' dir='ltr'><strong>Titaniaque</strong></span> <span class='ocrx_word' id='word_1_389' title='bbox 1184 2793 1275 2822; x_wconf 75' lang='lat' dir='ltr'><strong>astra</strong></span> <span class='ocrx_word' id='word_1_390' title='bbox 1302 2786 1451 2830; x_wconf 83' lang='lat' dir='ltr'><strong>Spiritus</strong></span> <span class='ocrx_word' id='word_1_391' title='bbox 1472 2785 1564 2819; x_wconf 78' lang='lat' dir='ltr'><strong>intus</strong></span> <span class='ocrx_word' id='word_1_392' title='bbox 1579 2783 1666 2818; x_wconf 61' lang='lat' dir='ltr'><strong>alit?</strong></span> 
     </span>
    </p>
   </div>
   <div class='ocr_carea' id='block_1_12' title="bbox 1761 878 1820 3068">
    <p class='ocr_par' dir='ltr' id='par_1_23' title="bbox 1761 878 1820 3068">
     <span class='ocr_line' id='line_1_61' title="bbox 1761 878 1820 3068; baseline 0 0"><span class='ocrx_word' id='word_1_393' title='bbox 1761 878 1820 3068; x_wconf 95' lang='lat' dir='ltr'><strong> </strong></span> 
     </span>
    </p>
   </div>
  </div>
 </body>
</html>
