1820 3068
218 199 306 243 670
749 211 789 241 P.
821 202 1013 242 mermi
1047 211 1213 243 srA'rn

222 306 430 348 Emunire
449 310 584 357 toros,
605 305 814 360 altosque
831 306 988 348 inferre
1008 311 1211 362 tapetas;

220 373 335 416 Pars
357 379 522 417 teretes
541 367 843 417 levare'manu
862 388 915 417 ac
936 375 1169 430 disponere
1188 389 1377 419 mensas.

219 442 307 484 Ast
327 443 418 494 alii,
440 444 638 485 tenebras
657 447 702 486 et
720 456 912 498 opacam
930 445 1110 486 vincere
1132 450 1307 488 noctem
1596 424 1692 488 520'

218 510 448 565 Aggressi,
470 510 652 553 tendunt
672 512 836 554 auratis
856 511 1035 554 vincula
1049 512 1237 567 lychnis.

220 579 310 621 His
328 579 454 621 labor
473 580 637 621 inserto
657 583 818 622 torrere
834 580 1083 633 exsanguia
1100 580 1215 623 ferro

218 646 410 690 Viscera
426 661 641 690 caesarum
661 647 879 703 pecudum
898 661 908 690 :
937 647 1008 689 his
1025 649 1256 692 cumulare
1278 650 1480 693 canistris

218 715 521 758 Perdomitam
539 729 652 758 saxo
674 714 902 758 Cererem:
932 716 1108 759 laetatur
1126 717 1349 761 Adrastus

219 782 448 839 Obsequio
466 784 633 827 fervere
651 784 855 826 domum:
878 783 1066 840 jamque
1085 785 1184 840 ipse
1204 786 1410 842 superbis
1596 785 1682 829 525

219 850 439 907 Fulgebat
457 853 624 904 stratis,
645 852 852 908 solioque
870 853 1048 896 effultus
1068 854 1249 897 eburno.

216 963 436 996 dismbitorios
450 963 604 1004 stragulis
613 964 791 1006 purpureis,
811 968 845 996 et
868 975 944 997 auro
965 965 1174 1006 crepantibus,
1195 969 1227 998 et
1248 966 1404 1007 imponere
1418 967 1527 1000 densos
1535 970 1682 1009 tapetas.-

212 1017 290 1048 pars
304 1007 423 1039 lucidas
437 1008 560 1049 facere,
580 1011 612 1040 et
635 1011 774 1040 sternere
787 1009 939 1040 rotundas
953 1018 1086 1041 mensas.
1130 1008 1177 1041 At
1189 1009 1248 1041 alii
1261 1010 1368 1042 adorti
1381 1010 1506 1042 umbras
1519 1020 1678 1052 superare,

216 1054 248 1081 et
267 1050 427 1082 obscuram
450 1054 582 1091 noctem,
604 1052 795 1093 suspendunt
819 1061 835 1082 e
851 1051 1011 1090 funiculis
1032 1061 1144 1084 aureas
1166 1053 1318 1085 lucernas.
1362 1053 1429 1084 His
1448 1063 1541 1094 opera
1554 1057 1602 1086 est
1616 1057 1680 1086 tm·-

215 1103 285 1125 rere
306 1094 454 1125 immissis
476 1094 609 1126 verubus
633 1095 796 1127 exanimas
819 1104 929 1126 cantes
943 1097 1151 1127 mactatarum
1162 1097 1335 1136 pecudum:
1357 1096 1423 1128 iuis
1435 1106 1564 1129 onerare
1577 1097 1679 1129 mis-

216 1141 266 1168 tm
294 1137 428 1178 panibus
452 1147 469 1168 e
487 1138 652 1177 frumento
681 1137 784 1178 lapide
813 1138 933 1169 molito.
980 1138 1107 1170 Gaudet
1137 1140 1298 1171 Adrastus
1325 1139 1456 1171 servitio
1481 1139 1603 1180 agitari
1622 1139 1681 1179 fa-

214 1179 346 1212 miliam.
391 1181 526 1222 Jamque
551 1181 617 1223 ipse
644 1180 825 1223 splendebat
849 1190 946 1222 supra
973 1180 1143 1224 magnifica
1169 1183 1327 1225 stragula,
1356 1182 1506 1215 recubans
1533 1184 1570 1216 in
1600 1184 1679 1215 lecto

814 1265 1058 1278 MOMOO

215 1335 319 1372 pecta
334 1330 470 1364 fuerant
491 1331 633 1364 Barthio
649 1335 686 1364 et
701 1332 862 1371 Jortin03
883 1332 1100 1364 Burmannus
1117 1340 1198 1365 vero
1222 1331 1503 1366 defendit.—518
1527 1334 1678 1367 Emunire

215 1374 293 1406 toris
308 1374 531 1416 conjectabat
544 1375 730 1414 Barthius3
754 1375 908 1407 Emunire
927 1379 1020 1416 parat
1036 1376 1192 1407 nonnulli
1214 1374 1407 1409 Barthiani.
1422 1377 1544 1418 alteque
1558 1377 1678 1417 inferre

214 1418 322 1450 codex
338 1418 420 1451 Put.
437 1418 574 1460 alth-sque
587 1418 707 1458 inferre
722 1419 813 1450 solus
827 1418 1011 1451 multorum
1027 1418 1182 1451 codicum
1200 1419 1358 1461 jactator
1371 1419 1672 1453 Gramma—521

214 1461 351 1494 Taurin.
366 1461 468 1494 cincla
482 1462 630 1501 lichiais;
653 1471 740 1494 unus
767 1462 978 1494 Burmanni:
1002 1462 1128 1494 vincula
1150 1462 1310 1503 linguinis.
1353 1463 1570 1496 Burmannus
1596 1473 1677 1502 con,-

873 1549 1017 1583 No'rAE

254 1615 319 1645 518
340 1613 490 1646 Emunire
498 1613 597 1655 toros]
610 1614 663 1646 Ex
674 1618 828 1646 veterum
838 1624 919 1647 con-

213 1662 410 1703 suetudine,
435 1668 475 1695 ut
502 1664 614 1696 lectos
637 1664 841 1696 coenatorios
855 1664 919 1696 sub

212 1714 327 1746 boram
343 1724 450 1746 coenae
462 1714 624 1755 stragulis
635 1714 800 1755 vestibus,
815 1715 919 1747 texti-

210 1766 299 1799 libus
311 1770 370 1798 ant
385 1765 578 1807 purpureis,
593 1765 834 1798 insternerent.

254 1821 319 1850 519
342 1818 464 1849 Levare
488 1816 599 1858 manu]
620 1816 663 1848 Id
693 1821 758 1858 est,
786 1816 917 1848 lucidas

212 1868 374 1910 reddere,
387 1873 427 1900 ut
446 1867 539 1910 apud
557 1867 735 1910 Virgilium
750 1878 759 1899 :
783 1868 794 1886 ‘
811 1868 918 1900 Leva-

210 1926 248 1954 to
264 1920 378 1953 lueida
392 1919 508 1952 ferro:

253 1974 317 2004 521
346 1971 489 2003 Tendunt
501 1969 623 2002 auratis
635 1969 759 2002 visieula
785 1970 920 2012 lychnis]

210 2022 360 2055 Veteres
377 2021 579 2063 plerumque
599 2021 786 2053 utebantur
803 2021 917 2062 pensi-

208 2073 298 2106 libus
309 2072 470 2106 lucernis.
497 2072 553 2104 Sic
568 2076 605 2105 et
617 2072 805 2114 Virgilius:
831 2072 917 2105 ‘De-

210 2124 366 2166 pendent
378 2123 493 2166 lychni
507 2123 726 2166 laquearibus
741 2123 876 2156 aureis)

252 2178 316 2208 523
342 2174 514 2216 Cani-stris]
536 2174 616 2206 Mos
640 2173 780 2206 videtur
809 2173 916 2206 fuisse

211 2227 304 2269 apud
321 2231 468 2267 veteres,
478 2229 519 2258 ut
533 2225 631 2267 panis
647 2234 714 2257 non
730 2226 914 2268 argenteis,

209 2277 271 2311 sed
284 2277 441 2310 vimineis
453 2277 598 2309 vasculis
610 2275 809 2309 inferretur.

253 2331 319 2362 524
341 2328 492 2361 Melitam
505 2338 582 2360 saxo
595 2327 758 2369 Cererem]
780 2327 918 2360 Veteri·

210 2382 276 2414 bus
302 2380 498 2422 incognitus
532 2388 612 2411 usus
646 2379 917 2419 moletrinarnm,

210 2442 272 2464 seu
285 2436 325 2464 ut
339 2439 429 2463 nnnc
445 2434 620 2471 vocantur,
645 2429 917 2462 molendinorum

209 2482 412 2515 fluvialium.
455 2480 654 2514 Utebantur
680 2480 772 2512 saxis
804 2480 919 2512 molis-

211 2542 280 2575 que
308 2531 522 2564 trusatilibus
547 2530 591 2563 ad
615 2531 797 2564 terendum
826 2530 916 2562 triti-

211 2592 303 2615 cum.
348 2582 442 2614 Huic
464 2590 580 2623 operae
603 2580 748 2613 adhibiti
770 2580 916 2622 primum

212 2631 315 2672 servi,
328 2636 368 2664 ut
382 2631 501 2664 videre
517 2635 571 2664 est
585 2631 677 2673 apud
696 2631 858 2668 Plautum
880 2635 916 2663 et

210 2683 411 2715 Terentium
427 2682 583 2724 pluribus
598 2683 632 2714 in
643 2682 740 2715 locis.
762 2681 915 2714 Tandem

208 2734 376 2775 jumenta,
392 2741 467 2774 quae
486 2731 531 2763 ob
547 2731 583 2763 id
605 2731 791 2764 Suetonius
812 2736 915 2764 vocat

207 2783 424 2826 pistris-mia.
458 2781 613 2816 Pistrina
636 2783 726 2818 enim
745 2783 913 2816 vocaban-

974 1620 1031 1647 tur
1045 1612 1134 1655 loca,
1160 1615 1194 1647 in
1209 1614 1331 1657 quibus
1350 1613 1504 1648 triticum
1529 1613 1678 1647 moleba-

973 1669 1042 1698 tur.
1084 1664 1237 1697 Tandem
1249 1675 1324 1697 aevo
1338 1664 1514 1697 Ciceronis
1528 1669 1678 1706 reperto

971 1716 1071 1748 molae
1101 1716 1262 1758 aquariae.
1317 1715 1477 1756 Cererem]
1514 1716 1679 1748 Cererem

974 1777 1037 1808 pro
1059 1765 1216 1808 frugibus
1242 1771 1280 1799 et
1296 1775 1384 1808 pane
1407 1766 1495 1798 sumi
1520 1765 1677 1799 omnibns

973 1822 1090 1850 notum
1105 1822 1173 1858 est,
1187 1817 1280 1860 quia,
1296 1821 1336 1850 ut
1348 1815 1455 1849 refert
1470 1817 1604 1849 Plinius
1615 1816 1676 1849 lib.

972 1876 1037 1900 vn.
1061 1877 1139 1909 cap.
1159 1870 1212 1900 56.
1233 1867 1245 1885 ⁴
1258 1866 1363 1900 Ceres
1387 1865 1560 1899 frumenta
1581 1866 1676 1899 inve-

971 1918 1035 1955 nit,
1051 1927 1129 1950 cum
1141 1922 1245 1950 antea
1256 1917 1383 1959 glande
1393 1918 1548 1951 homines
1559 1927 1676 1950 vesce-

971 1973 1104 2001 rentur.
1139 1968 1269 2000 Eadem
1281 1968 1412 2000 molere
1426 1972 1464 2000 et
1479 1967 1675 2001 conficere:

971 2020 1016 2052 ob
1037 2019 1074 2052 id
1099 2020 1178 2052 Dea
1203 2018 1384 2061 judicata?
1427 2018 1617 2051 Pausanias
1641 2019 1678 2051 in

971 2070 1153 2103 Laconicis
1167 2069 1275 2102 tradit
1290 2070 1446 2102 Miletam
1462 2070 1597 2111 Lelegis
1611 2069 1678 2102 fili·

970 2131 1028 2154 um
1053 2121 1090 2153 in
1113 2120 1233 2153 Alesia
1259 2120 1337 2152 vico
1374 2120 1498 2152 molam
1527 2120 1675 2162 primum

969 2172 1153 2213 invenisse,
1166 2171 1307 2213 ejusque
1334 2179 1430 2202 usum
1450 2170 1487 2202 in
1508 2170 1676 2204 molendis

969 2222 1126 2264 frugibus
1165 2221 1338 2263 docuisse,
1371 2231 1413 2254 ac
1438 2221 1518 2254 inde
1543 2221 1676 2255 dictum

972 2283 1050 2307 enm
1079 2274 1192 2306 vicum
1214 2270 1415 2309 ‘Alesiam'
1439 2272 1534 2315 quasi
1559 2272 1675 2314 pistri-

970 2335 1063 2365 num,
1076 2330 1136 2358 aut
1152 2325 1343 2367 pistorium.

1013 2379 1079 2410 526
1100 2375 1259 2418 solioque]
1304 2375 1434 2408 Solium
1463 2375 1518 2408 bic
1544 2375 1674 2407 lectu-

970 2427 1192 2460 coenatorium
1210 2425 1393 2467 significat.
1422 2425 1568 2458 Veteres
1582 2424 1674 2457 enim

970 2479 1150 2519 epulantes
1172 2478 1256 2510 toris
1278 2476 1464 2517 cubabant,
1486 2474 1577 2517 quod
1595 2476 1606 2494 ‘
1620 2485 1674 2508 ac·

970 2528 1152 2561 cumbere’
1176 2534 1214 2561 et
1232 2528 1242 2546 ‘
1257 2525 1472 2559 discumbere
1482 2525 1492 2540 ’
1506 2526 1609 2558 etiam
1623 2526 1674 2559 di.

969 2580 1069 2612 citur.
1096 2580 1144 2611 Et
1156 2578 1213 2611 bic
1225 2577 1338 2610 Po'e'ta
1351 2580 1469 2609 servat
1478 2585 1608 2608 morem
1619 2577 1672 2608 sui

970 2631 1148 2674 temporis.
1192 2630 1365 2662 Homerus
1379 2632 1494 2660 autem
1510 2627 1671 2659 sedentes

970 2683 1015 2715 ad
1030 2692 1178 2725 mensas,
1192 2691 1261 2714 non
1276 2679 1516 2714 accumbentes
1536 2679 1673 2713 Hero'e's

968 2731 1066 2767 facit·
