1820 3068
243 244 330 287 836
738 260 778 289 P.
812 257 1002 289 immun
1037 258 1205 291 sumi

242 353 453 395 Pascitur
473 351 754 396 immoriens:
787 353 957 408 spargit
976 366 1090 397 cava
1108 355 1261 398 nubila
1279 359 1480 412 sanguis.
1621 360 1710 403 545

243 420 370 472 Quid
390 421 539 463 furtim
558 421 809 476 lacrymas?
840 422 978 473 illum,
998 424 1246 466 venerande
1268 424 1519 482 Melampu,

242 487 337 539 Qui
356 489 496 540 cadit,
516 502 724 542 agnosco.
783 490 1002 544 Trepidos
1022 490 1089 532 sic
1106 491 1224 532 mole
1242 492 1395 544 futuri,

242 555 500 611 Cunctaque
515 557 611 611 jam
629 570 773 599 rerum
791 562 913 601 certa
933 558 1016 600 sub
1036 558 1228 612 imagine
1248 573 1430 613 passae,

239 623 401 666 Terror
420 625 553 666 habet
575 629 722 668 vates:
754 626 879 680 piget
898 626 1111 680 irrupisse
1131 627 1364 670 volantum

241 692 463 744 Concilia,
482 697 525 734 et
544 694 659 735 coelo
680 698 867 736 mentem
892 694 1132 736 insertasse
1151 696 1335 737 vetanti.

241 759 488 815 Auditique
508 761 644 803 odere
669 761 790 803 Deos
807 775 816 803 :
847 761 963 803 unde
983 763 1066 804 iste
1086 775 1163 816 per
1183 764 1337 805 orbem

238 829 417 870 Primus
431 829 603 870 venturi
623 830 798 871 miseris
817 830 1114 872 animantibus
1131 843 1247 885 aeger

238 895 389 938 Crevit
409 897 562 938 amor?
596 897 820 938 Divumne
835 896 955 938 feras
974 898 1060 939 hoc
1080 910 1263 951 munus3
1284 912 1341 940 an
1361 899 1453 954 ipsi

239 963 363 1005 Gens
386 963 536 1014 avida,
556 969 602 1005 et
621 970 752 1018 parto
773 978 864 1006 non
883 978 1081 1019 unquam
1100 970 1216 1006 stare
1237 967 1378 1021 quieti
1396 967 1416 1008 ‘l

236 1030 447 1074 Eruimus
467 1044 570 1086 quae
588 1033 734 1086 prima
754 1033 864 1084 dies,
884 1033 964 1074 ubi
980 1032 1191 1074 terminus
1213 1035 1315 1084 aevi,

1616 1037 1703 1080 555

235 1142 380 1174 cumbens
400 1141 472 1172 tica
495 1140 611 1171 volueri
637 1141 782 1172 vescitur.
830 1141 933 1172 Cruor
956 1140 1061 1182 inficit
1087 1144 1195 1173 tenues
1218 1143 1323 1174 nubes.
1368 1143 1454 1180 Quid
1475 1145 1556 1176 clam
1579 1146 1705 1186 ploras?

235 1185 398 1225 Melampu
412 1185 589 1220 reverende,
604 1193 738 1223 agnosco
752 1185 851 1224 illum,
866 1183 921 1225 qui
931 1184 1058 1215 labitur.
1102 1183 1158 1216 Sic
1170 1195 1269 1226 paror
1281 1186 1404 1218 invadit
1418 1197 1554 1227 augures
1567 1192 1704 1220 tremen-

235 1232 284 1259 tes
297 1228 354 1259 sub
369 1228 501 1267 pondere
512 1227 651 1266 venturi,
672 1230 703 1258 et
718 1227 789 1266 jam
808 1237 915 1267 passos
929 1237 1032 1258 omnes
1045 1230 1172 1259 etentus
1187 1229 1219 1259 in
1234 1238 1307 1260 vera
1320 1229 1430 1270 specie.
1475 1231 1594 1263 Dolent
1607 1242 1701 1271 pene-

234 1274 335 1302 trasse
351 1271 383 1301 in
398 1273 493 1301 coetus
507 1270 623 1309 avium,
644 1272 676 1301 et
690 1271 793 1300 animo
805 1269 941 1301 caelestia
955 1269 1171 1309 investigasse,
1193 1271 1376 1304 mortalibus
1397 1273 1566 1313 prohibita,
1588 1277 1621 1305 et
1645 1284 1701 1306 ex-

233 1314 339 1344 auditi
355 1313 442 1343 Deos
466 1316 663 1344 aversantur.
712 1313 802 1344 Unde
827 1312 894 1343 hoec
918 1312 1016 1343 anxia
1037 1313 1148 1354 cupido
1167 1312 1279 1351 futuri
1299 1316 1503 1354 cognoscendi
1523 1326 1580 1357 per
1597 1316 1701 1348 orbem

230 1357 368 1397 primum
383 1355 500 1386 invasit
514 1355 644 1386 miseros
658 1355 817 1387 homines?
839 1355 929 1386 Anne
943 1355 999 1386 Ιιοι·
1011 1357 1125 1387 donum
1148 1357 1245 1387 Divis
1259 1357 1428 1390 attribuas.
1471 1358 1526 1390 An
1550 1368 1606 1390 uos
1625 1358 1700 1400 ipsi,

230 1409 311 1439 gens
325 1398 460 1439 curiosa,
481 1407 537 1429 nec
551 1398 612 1434 his,
634 1408 703 1439 quoe
715 1398 871 1432 habemus.
886 1398 1107 1439 acquiescimus
1116 1402 1130 1430 P
1151 1399 1305 1431 Elio-imus
1318 1401 1386 1441 quis
1399 1401 1443 1432 sit
1457 1401 1608 1442 genitalis
1621 1401 1702 1444 dies,

846 1495 1087 1508 eeeeeeeeeee

233 1556 332 1588 malit
345 1555 608 1595 fastigia—545
626 1557 777 1589 Pascitur
791 1557 843 1589 hio
857 1558 991 1589 moriens
1006 1567 1092 1589 unus
1105 1556 1268 1588 Behot.—
1276 1560 1341 1590 546
1356 1557 1511 1598 Mezampe
1526 1557 1559 1589 in
1576 1556 1699 1590 eodem

233 1600 472 1631 codice—54⁷
492 1600 578 1632 Dan.
589 1606 622 1631 et
638 1610 723 1631 unns
737 1601 862 1632 Behot.
877 1611 960 1632 »nore
965 1601 1076 1639 futuri
1086 1610 1098 1637 ;
1110 1600 1250 1631 Venett.
1265 1604 1364 1632 morte
1370 1600 1507 1638 suturas
1523 1601 1579 1632 alii
1596 1600 1698 1632 codd.

231 1643 430 1674 Barthiani:
458 1643 697 1681 mm·tesutur·a,·
712 1644 761 1674 sic
780 1653 916 1685 quoque
934 1643 1196 1684 Lipsian.—549
1220 1645 1229 1661 ‘
1245 1643 1286 1674 In
1311 1644 1443 1684 optimo
1464 1643 1554 1674 libro
1569 1643 1699 1684 legitur

231 1685 412 1726 irripuisse,
427 1694 545 1716 errore
562 1690 646 1726 puto
666 1686 818 1717 librarii!
841 1686 1068 1718 Barth—550
1087 1685 1238 1726 Lipsian.
1255 1685 1365 1726 Lang.
1383 1686 1483 1717 Laur.
1508 1685 1640 1718 Bastia.
1661 1691 1700 1718 et

231 1727 288 1760 ed.
308 1729 421 1759 Plant.
438 1728 618 1766 iaces-tasse,
634 1734 671 1759 ut
689 1729 795 1760 voluit
809 1729 832 1762 J
836 1739 962 1761 oannes
976 1728 1176 1767 Barclaius;
1196 1728 1362 1760 insertasse
1377 1728 1466 1760 Dan.
1478 1728 1559 1767 Pug-
1573 1728 1695 1760 Petav-

231 1775 378 1812 uterque
392 1771 517 1802 Behot.
529 1781 646 1802 omnes
659 1771 998 1810 Barthiani‚'1*aurin.
1011 1771 1172 1802 Petrens.
1187 1771 1271 1802 Exc.
1286 1771 1430 1803 Cantab.
1441 1771 1583 1802 Venett.
1598 1771 1696 1803 Rom.

228 1813 335 1845 Aldd.
354 1814 464 1845 Colin.
483 1813 618 1855 Gryph.
633 1815 739 1846 Basil.
756 1815 988 1855 Lindenbrog.
1004 1814 1106 1846 Cruc.
1123 1813 1268 1845 Gevart.
1282 1813 1436 1845 Grasser.
1453 1819 1489 1845 et
1505 1819 1696 1846 recentt.—-

229 1860 294 1890 551
309 1857 394 1889 Put.
410 1858 492 1888 unde
506 1858 684 1889 iste—554
700 1857 853 1899 Lipsian.
869 1861 902 1889 et
919 1860 1013 1898 porto
1022 1867 1035 1894 ‚·
1053 1856 1143 1888 unde
1158 1856 1363 1888 Bernartius
1377 1856 1527 1889 libenter
1547 1855 1672 1889 fecerit
1683 1867 1695 1890 ε

892 1931 1035 1964 NOTAE

224 2001 298 2039 pete
321 1996 393 2029 viva
421 1997 572 2028 Pascitur
584 1995 780 2037 immoriens]
799 1995 937 2037 Tydeus
993 1994 1044 2026 sic
1067 1994 1219 2036 perpessi
1235 1994 1395 2032 fuissent,
1417 2004 1493 2037 quae
1523 1994 1695 2028 viderant.

228 2048 380 2080 moriens
390 2047 523 2079 mandit
539 2052 646 2088 caput
657 2046 862 2088 Menalippi‚
879 2046 937 2088 qui
991 2045 1104 2085 Piget,
1119 2044 1190 2087 ssa]
1212 2045 1255 2077 Id
1271 2045 1389 2077 evenit
1410 2045 1465 2084 iis,
1487 2045 1547 2087 qui
1562 2055 1695 2078 summa

228 2099 324 2131 illum
365 2098 516 2130 letaliter
545 2098 798 2130 vulneraverat.
843 2096 933 2129 Haec

989 2094 1153 2136 cupidine
1167 2094 1401 2137 cognoscendi
1415 2104 1471 2127 res
1486 2094 1624 2128 futuras
1641 2100 1693 2129 te·
1706 2123 1710 2127 .

206 2175 209 2177 .
227 2149 342 2181 omnia
355 2147 578 2190 sequentibus
604 2147 698 2179 libris
713 2146 790 2179 fuse
806 2146 932 2179 descri—

227 2198 366 2231 bentur.

269 2252 335 2281 546
360 2249 446 2285 Quid
458 2249 580 2287 furtim
602 2247 772 2290 lacrymas]
793 2247 935 2290 Amphi·

226 2309 325 2332 araus
360 2299 478 2330 furtim
505 2300 753 2341 lacrymantem
789 2298 934 2330 Melam·

226 2359 309 2392 pum
334 2349 603 2381 animadvertit:
633 2353 823 2391 agnoverat
842 2349 934 2380 enim

224 2399 423 2440 Melampus
451 2409 532 2431 casu
547 2400 661 2441 cycni,
688 2399 851 2440 portendi
870 2398 933 2430 eti-

224 2459 280 2482 am
297 2450 439 2481 exitium
451 2448 674 2490 Amphiarao,
688 2449 746 2491 qui
762 2458 847 2480 uuus
859 2451 934 2480 erat

224 2509 246 2531 e
277 2505 413 2541 septem
441 2499 586 2530 ducibus
613 2499 764 2540 Argivis.
818 2498 932 2540 Igitur

224 2550 310 2582 dicit
334 2550 367 2581 ei
405 2548 650 2590 Amphiaraus,
677 2558 715 2580 se
753 2548 930 2590 proprium

224 2600 329 2632 etiam
354 2600 497 2632 exitium
522 2599 669 2631 cadente
691 2609 800 2642 cycno
828 2608 931 2639 agno-

224 2651 334 2683 visse:
359 2650 588 2692 Amphiaraus
604 2650 694 2683 enim
710 2651 744 2681 in
758 2650 824 2682 hoc
842 2650 931 2682 bello

225 2706 319 2732 terra
331 2701 527 2732 dehiscente
545 2700 726 2742 absorptus
740 2699 818 2732 fuit.

266 2754 331 2783 549
355 2752 468 2783 Terror
483 2751 574 2783 habet
589 2751 690 2792 vates]
713 2750 756 2783 Id
785 2755 849 2788 est,
873 2760 930 2783 eo-

224 2800 301 2833 dem
321 2806 453 2834 terrore
474 2802 628 2843 correpti
655 2806 735 2834 sunt
762 2807 872 2844 vates,
888 2811 929 2835 ac

988 2151 1125 2186 nentur,
1141 2146 1281 2188 quique,
1297 2145 1354 2178 ubi
1370 2145 1435 2177 sibi
1451 2143 1601 2183 infausta
1617 2155 1694 2188 por-

990 2195 1085 2227 tendi
1115 2201 1221 2238 atque
1245 2195 1447 2238 impendere
1478 2195 1694 2237 agnoverint,

989 2251 1072 2279 tunc
1099 2247 1243 2279 tristitia
1257 2247 1503 2288 corripiuntur,
1526 2255 1692 2290 suamque

987 2297 1218 2329 curiositatem
1240 2297 1410 2328 incusant.

1031 2351 1094 2380 651
1117 2347 1293 2389 Auditique
1313 2349 1404 2379 odere
1414 2346 1516 2388 Deos]
1539 2345 1694 2394 Auguria

988 2399 1165 2439 petierant
1179 2408 1200 2429 a
1215 2397 1303 2439 Diis,
1317 2397 1377 2430 sed
1394 2397 1475 2439 qnia
1499 2406 1543 2429 ex
1558 2397 1610 2429 his
1624 2397 1692 2430 sibi

985 2448 1076 2479 mala
1086 2448 1264 2480 imminere
1273 2451 1497 2489 cognoscunt,
1504 2447 1596 2478 Deos
1603 2447 1692 2479 male

986 2503 1196 2540 aversantur,
1218 2508 1296 2530 cum
1318 2498 1432 2540 potius
1448 2497 1705 2530 deberent-se-¹

983 2548 1077 2589 ipsos
1092 2549 1245 2590 culpare,
1266 2547 1358 2590 quod
1375 2552 1443 2579 tam
1461 2547 1587 2579 curiosi
1606 2545 1691 2579 fuis·

983 2603 1071 2631 sent.
1121 2600 1212 2631 Unde
1225 2599 1288 2631 iste
1298 2607 1356 2640 per
1369 2597 1482 2634 orbem,
1496 2596 1568 2638 ξω]
1589 2596 1690 2628 Inve-

984 2648 1076 2681 hitur
1113 2649 1227 2681 Poeta
1262 2649 1296 2680 in
1318 2649 1378 2680 has
1407 2647 1559 2680 curiosas
1586 2651 1691 2688 artes,

983 2702 1020 2730 et
1035 2699 1259 2741 cupiditatem
1276 2696 1502 2741 cognoscendi
1524 2705 1580 2728 res
1596 2695 1690 2729 futu·

984 2758 1054 2781 ras.

1026 2804 1088 2832 555
1113 2800 1263 2834 Eruimus
1284 2809 1353 2842 quoe
1377 2797 1484 2840 prima
1511 2797 1598 2841 aies]
1617 2797 1689 2832 Per
1750 2836 1756 2842 r

1818 2183 1820 2187 .
1806 1953 1820 2153 “fl-mod..—.
1808 1907 1820 1947 m
1812 1859 1820 1901 ι-..

1792 2549 1820 2769 ἫἉΝ-ἐψιιιιτη
1797 2334 1820 2542 «rauna-«swa.
1813 2295 1820 2315 .,
