1820 3068
241 229 328 273 842

738 245 780 274 Ρ.
815 245 1010 276 PAPlNu
1045 247 1216 278 STATM

244 337 380 385 Mons
401 342 546 381 tonat:
580 340 814 382 exundant
834 342 1003 396 apices,
1023 342 1275 398 fluctusque
1295 344 1482 389 Pelorus

242 405 487 458 Contrahit,
505 410 550 449 et
570 411 723 461 sperat
743 409 880 451 tellus
902 410 1097 464 abrupta
1116 412 1288 454 reverti.

240 519 406 558 erumpunt
421 517 510 557 ignes
524 520 556 549 et
578 516 713 549 Pelorus
739 521 878 550 coarctat
903 520 1017 561 undas,
1038 523 1069 551 et
1084 519 1197 553 Sicilia
1217 526 1321 563 sperat
1346 532 1457 556 rursus
1473 524 1572 566 ,iungi
1595 525 1711 565 ltalia,

859 602 1100 617 OOOOOOOOOOOO

240 664 353 693 mutat.
372 703 379 710 ι
396 659 464 692 Sed
479 663 578 710 nrotat
593 670 656 702 pro
670 666 771 694 moret
786 664 942 704 agnoscit
956 664 1114 698 codicum
1139 675 1232 706 pars,
1247 667 1349 699 etiam
1373 667 1467 709 apud
1489 668 1658 707 pierium,
1673 671 1711 703 et

240 702 398 753 defendit
414 703 568 743 Servius,
582 713 660 736 cum
676 704 758 736 viris
772 705 905 747 doctis;
929 707 1111 740 videantur
1126 709 1253 748 Cerda,
1274 714 1312 742 et
1327 715 1410 743 ante
1426 720 1503 743 eum
1529 711 1685 743 Guellius
1699 721 1709 749 ;

243 750 420 796 possitque
436 746 470 777 id
486 751 649 796 tanquam
664 747 868 788 exquisitius
892 749 1062 791 praeferri,
1076 751 1141 783 nisi
1157 757 1328 793 perpetua
1341 757 1379 785 et
1393 754 1577 790 temeraria
1591 753 1711 786 harum

240 799 364 821 vocum
382 799 418 821 in
433 789 744 838 libris-occurreret
760 793 982 832 permutatio.
1005 793 1109 835 Apud
1137 794 1286 827 Statium
1310 805 1368 828 nr.
1383 797 1491 829 Theb.
1515 799 1591 829 595.
1617 796 1713 828 nulla

241 833 392 865 varietas
408 836 573 873 occurrit,
589 833 655 864 nisi
670 833 761 876 quod
777 844 864 868 unus
886 845 1011 868 versare
1025 835 1137 878 legit!
1174 837 1233 870 Ita
1244 838 1366 871 scribit
1379 839 1538 881 Heyuins
1554 839 1596 871 ad
1611 839 1712 880 Virg.

910 919 1053 954 NOTAE

244 983 321 1015 AEu.
347 991 406 1014 m.
427 982 436 1000 ‘
450 982 556 1014 Fama
572 986 624 1017 est
639 983 810 1016 Enceladi
826 993 955 1016 semus-

245 1037 320 1065 tum
361 1032 505 1065 fulmine
542 1043 668 1076 corpus
701 1035 830 1076 Urgeri
866 1036 956 1068 mole

243 1085 341 1124 hac3
375 1085 621 1127 ingentemque
647 1085 791 1127 insuper
820 1086 957 1119 AEtnam

245 1135 451 1177 Impositam
479 1135 589 1178 ruptis
614 1134 830 1168 flammarum
858 1138 956 1179 expi-

244 1196 323 1218 rare
339 1186 479 1219 caminis
493 1197 503 1226 ;
533 1187 580 1218 Et
594 1185 723 1219 fessum
735 1188 870 1229 quoties
881 1196 955 1220 mu-

244 1241 299 1269 tat
328 1237 431 1276 latus,
475 1237 664 1269 intremere
697 1247 830 1271 omnem
858 1239 956 1272 Mur-

245 1297 345 1320 mure
360 1287 591 1328 Trinacriam,
614 1292 654 1320 et
675 1289 799 1320 coelum
815 1289 958 1322 subtex-

247 1347 307 1370 ere
322 1337 441 1370 fumo!
496 1338 615 1378 Igneus
625 1339 730 1378 antris
741 1339 837 1371 Mons
851 1340 955 1381 tonat]

246 1390 350 1422 Mons
366 1391 501 1431 igneus,
517 1390 632 1422 AEtna.
694 1391 810 1433 Tonut]
834 1391 892 1424 Ob
906 1392 956 1424 in-

244 1445 362 1473 ternos
375 1439 534 1473 fremitus
560 1448 597 1473 et
619 1441 784 1483 strepitus
798 1442 956 1483 ingentes

246 1494 307 1535 qui
352 1492 597 1534 exaudiuntur,
636 1498 821 1536 antequam
860 1504 956 1528 mons

245 1548 395 1584 eructet,
411 1547 447 1575 et
469 1543 609 1576 emittat
626 1542 779 1576 flammas
795 1548 831 1576 et
845 1544 955 1586 ignes.

247 1595 382 1627 Solinus
415 1603 494 1636 cap.
517 1598 549 1626 5.
591 1594 659 1626 ‘In
687 1594 799 1627 AEtnae
826 1595 957 1628 vertice

244 1647 359 1679 hiatus
383 1646 451 1678 duo
474 1650 565 1683 sunt,
596 1650 753 1678 crateres
779 1647 959 1688 nominati,

248 1708 313 1741 per
338 1707 423 1741 quos
453 1702 633 1730 eructatus
663 1699 815 1739 erumpit
838 1709 958 1740 vapor,

247 1749 425 1792 praemisso
452 1748 546 1790 prius
570 1747 726 1789 fremitu,
747 1749 805 1790 qui
828 1758 890 1790 per
913 1759 959 1781 ae·

248 1806 408 1835 stuantes
430 1811 652 1833 cavernarum
681 1802 834 1834 latebras
856 1803 958 1843 longo

194 1869 197 1872 >
249 1852 386 1893 mugitu
403 1852 498 1884 intra
519 1856 623 1884 terrae
650 1852 784 1884 viscera
809 1853 867 1884 diu
890 1852 962 1884 vol-

247 1902 353 1943 vitur,
383 1911 449 1934 nec
485 1906 565 1934 ante
599 1901 812 1935 flammarum
842 1902 962 1945 globos

252 1954 395 1993 attollit,
420 1963 520 1995 quam
536 1953 662 1985 interni
680 1954 844 1995 strepitus
863 1958 958 1985 ante-

252 2004 393 2036 cedant.
436 2004 564 2035 Mirum
592 2003 659 2035 hoc
695 2008 760 2043 est,
787 2013 852 2036 nec
875 2003 960 2035 illud

251 2054 375 2093 minus,
392 2054 482 2095 quod
506 2054 539 2085 in
555 2053 613 2085 illa
624 2052 791 2086 ferventis
806 2054 961 2095 pervica-

251 2104 307 2136 cia
321 2109 454 2136 naturae
470 2104 596 2136 mixtas
612 2103 747 2145 ignibus
760 2106 860 2137 nives
873 2113 960 2145 prae-

248 2153 335 2194 fert,
360 2158 397 2186 et
412 2154 496 2186 licet
513 2154 618 2186 vastis
634 2154 764 2187 exudet
779 2154 961 2194 incendiis,

251 2204 363 2245 apicis
404 2203 532 2236 canitie
569 2208 741 2245 perpetua
770 2203 962 2236 brumalem

252 2255 388 2288 detinet
413 2253 551 2286 faciem.
595 2254 722 2296 Itaque
749 2254 786 2286 in
814 2259 960 2296 utroque

250 2305 428 2345 violentia,
454 2313 518 2336 nec
534 2305 629 2336 calor
643 2302 768 2345 frigore
783 2305 961 2345 minuitur,

251 2362 316 2386 nec
350 2354 458 2396 frigus
497 2355 613 2387 calore
648 2354 870 2388 dissolvitur!
915 2356 962 2387 Et

250 2404 417 2445 Virgilius
449 2404 526 2435 AEn.
554 2412 612 2436 111.
634 2404 839 2437 ‘Horrificis
859 2405 962 2446 juxta

254 2459 355 2488 tonat
394 2455 498 2487 AEtna
537 2454 675 2486 ruinis:
711 2454 961 2497 Interdumque

254 2511 364 2537 atram
389 2505 583 2547 prorumpit
609 2504 651 2537 ad
676 2505 807 2537 aethera
822 2505 961 2543 nubem,

252 2556 406 2588 Turbine
421 2555 608 2587 fumantem
624 2555 736 2596 piceo,
759 2560 796 2587 et
810 2554 960 2587 cauden·

252 2611 289 2638 te
318 2606 454 2638 favilla:
482 2605 690 2648 Attollitque
717 2605 839 2646 globos
865 2603 961 2637 flam-

250 2666 401 2695 marum,
425 2661 461 2688 et
483 2656 596 2687 sidera
612 2656 756 2688 lambit:
779 2655 960 2688 Interdum

249 2707 426 2748 scopulos,
454 2707 643 2748 avulsaque
674 2706 808 2738 viscera
833 2706 960 2738 montis

250 2757 363 2798 Erigit
387 2762 562 2797 eructans,
590 2755 851 2799 liquefactaque
877 2765 962 2789 saxa

250 2808 315 2841 sub
332 2817 430 2840 auras
448 2808 534 2840 cum
551 2807 679 2849 gemitu
691 2807 871 2849 glomerat,
886 2806 961 2839 fun-

1008 985 1120 1028 doque
1143 991 1315 1020 exaestuat
1338 987 1429 1021 imo!
1460 987 1516 1020 Ad
1540 998 1640 1031 quem
1662 991 1713 1022 lo-

1008 1047 1088 1070 cum
1101 1038 1239 1070 Servius
1253 1049 1262 1071 :
1286 1038 1394 1072 ‘Sunt
1410 1040 1536 1082 terrm,'
1553 1041 1614 1079 ait,
1629 1045 1639 1060 ‘
1655 1041 1715 1074 de-

1010 1088 1175 1122 sudantes
1191 1088 1315 1131 sulfur,
1337 1094 1378 1122 ut
1401 1099 1502 1132 paene
1516 1094 1610 1123 totus
1625 1095 1716 1124 trac-

1011 1143 1066 1171 tus
1088 1139 1298 1181 Campaniae,
1324 1140 1384 1172 ubi
1406 1145 1459 1173 est
1481 1141 1653 1174 Vesuvius
1678 1148 1716 1174 et

1011 1190 1150 1223 Gaurus
1175 1195 1330 1223 montes:
1356 1191 1448 1233 quod
1471 1191 1602 1224 indicat
1630 1192 1716 1225 odor

1010 1250 1175 1283 aquarum
1202 1241 1400 1274 calentium.
1443 1242 1534 1274 Item
1559 1243 1715 1276 novimus

1010 1300 1054 1323 ex
1076 1301 1174 1333 aquae
1190 1295 1291 1324 *motu
1317 1292 1430 1325 creari
1455 1298 1608 1325 ventum.
1652 1294 1715 1326 Es-

1010 1351 1050 1373 se
1075 1342 1178 1374 etiam
1204 1350 1374 1375 concavas
1399 1348 1510 1375 terras
1550 1347 1713 1376 constat:

1011 1397 1048 1424 et
1064 1393 1107 1425 ab
1123 1402 1164 1424 ea
1186 1397 1302 1435 parte,
1327 1402 1394 1436 qua
1414 1393 1527 1425 Eurus
1546 1393 1599 1425 vel
1625 1392 1717 1425 Afri·

1011 1453 1071 1476 cus
1086 1442 1183 1483 flant,
1211 1443 1339 1475 habere
1353 1444 1533 1486 speluncas
1545 1448 1582 1476 et
1597 1443 1717 1485 plenas

1011 1493 1163 1534 sulfuris,
1178 1498 1214 1526 et
1230 1503 1337 1536 usque
1362 1493 1406 1526 ad
1423 1503 1517 1526 mare
1538 1493 1718 1525 deductas.

1011 1545 1078 1577 Hae
1092 1545 1282 1586 speluncae,
1296 1543 1505 1586 recipientes
1528 1543 1562 1576 in
1582 1553 1620 1576 se
1635 1542 1719 1576 flue-

1011 1601 1082 1637 tus,
1098 1601 1239 1628 ventum
1253 1599 1374 1629 creant
1388 1605 1398 1628 =
1427 1595 1486 1638 qui
1500 1595 1651 1637 agitatus
1666 1595 1717 1636 ig-

1013 1657 1091 1680 nem
1106 1647 1218 1689 gignit
1235 1656 1280 1679 ex
1295 1645 1449 1679 sulfure?
1494 1646 1719 1688 Elegantissi-

1012 1707 1102 1730 mam
1128 1702 1244 1729 autem
1266 1697 1372 1729 habes
1395 1696 1494 1738 hujus
1515 1698 1641 1728 montis
1658 1697 1718 1728 de-

1014 1748 1235 1789 scriptionem
1259 1747 1352 1789 apud
1371 1747 1516 1778 Petrum
1537 1746 1720 1778 Bembum.

1013 1797 1103 1830 Vide
1119 1802 1156 1829 et
1170 1797 1347 1831 Justinum
1367 1796 1466 1829 initio
1480 1797 1539 1829 lib.
1551 1805 1605 1828 lv.
1636 1796 1719 1828 Clu-

1015 1849 1099 1880 verii
1114 1848 1266 1880 Siciliam
1294 1847 1353 1880 lib.
1370 1856 1396 1880 1.
1412 1857 1492 1890 cap.
1506 1850 1539 1880 8.
1567 1847 1718 1879 Plinium

1014 1899 1075 1932 lib.
1090 1908 1148 1932 m.
1162 1908 1242 1941 cap.
1258 1901 1312 1932 12.

1056 1953 1122 1983 596
1145 1949 1295 1991 Pelorus]
1330 1950 1610 1982 Promontorinm
1633 1948 1720 1982 Sici-

1013 2001 1070 2033 liae
1097 1999 1143 2032 ad
1173 2000 1460 2042 septemtrionem
1483 2004 1654 2042 spectans,
1684 2005 1721 2032 et

1015 2050 1058 2083 ab
1088 2050 1192 2083 Italia
1220 2050 1315 2082 mille
1344 2050 1541 2093 quingentis
1564 2050 1720 2092 passibus

1014 2101 1158 2134 distans.
1204 2101 1251 2134 Et
1267 2101 1387 2134 Sicilia
1401 2099 1537 2134 Graecis
1551 2100 1630 2134 ideo
1644 2100 1719 2133 Tri-

1014 2151 1131 2184 nacria
1146 2152 1291 2193 dicitur,
1316 2153 1407 2195 quod
1431 2153 1498 2185 tria
1519 2157 1719 2194 promonto-

1015 2202 1078 2243 ria,
1093 2212 1169 2245 quae
1185 2202 1302 2235 Graeci
1323 2201 1402 2244 ἄκρα
1422 2207 1562 2240 vocant.
1575 2202 1609 2235 in
1626 2211 1720 2234 mare

1015 2252 1152 2285 videtur
1178 2252 1383 2294 extendere,
1404 2253 1606 2295 Pachynum
1627 2253 1719 2295 quod

1014 2304 1050 2336 in
1069 2304 1348 2345 Peloponnesum
1373 2304 1493 2343 vertit,
1514 2303 1721 2346 Lilyboeum,

1015 2354 1106 2397 quod
1123 2353 1278 2387 Africam
1295 2359 1444 2397 spectat,
1457 2353 1616 2394 Pelorus,
1627 2353 1719 2397 quod

1013 2405 1047 2437 in
1063 2404 1282 2446 Tyrrhenum
1298 2407 1393 2437 mare
1410 2404 1640 2446 protenditur.

1057 2458 1121 2487 597
1147 2455 1332 2496 Canen-anit]
1367 2454 1426 2487 ob
1441 2459 1571 2487 motum
1586 2454 1720 2488 scilicet

1014 2508 1051 2536 et
1077 2504 1298 2546 agitationem
1333 2504 1465 2537 insulae.
1526 2503 1632 2536 Tellus
1665 2504 1718 2536 ab·

1013 2554 1124 2596 rupta]
1142 2554 1272 2595 Sicilia,
1295 2562 1397 2597 quam
1412 2553 1525 2586 Italiae
1547 2548 1718 2596 qnondam

1015 2605 1197 2637 adhaesisse
1214 2614 1414 2646 persuasum
1435 2604 1611 2636 habebant
1626 2609 1722 2635 vete-

1015 2665 1084 2695 res,
1100 2655 1142 2687 ab
1156 2665 1266 2697 eaque
1279 2656 1373 2687 velut
1385 2663 1405 2686 a
1419 2662 1579 2695 corpore,
1590 2654 1720 2695 majore

1013 2707 1146 2748 impetu
1160 2705 1284 2747 Superi
1307 2705 1424 2744 maris,
1453 2703 1544 2747 quod
1560 2707 1636 2736 tota
1657 2713 1719 2735 un-

1013 2756 1138 2788 darum
1150 2755 1240 2788 mole
1254 2755 1336 2787 illuc
1351 2753 1476 2795 fertur,
1489 2753 1596 2785 fuisse
1611 2753 1720 2786 divul-

1015 2816 1100 2844 sam,
1124 2810 1230 2849 atque
1252 2805 1445 2847 abruptam.
1491 2803 1640 2837 Siciliam
1657 2803 1720 2835 eti-
