1820 3068
228 228 315 270 770
731 241 773 271 Ρ.
806 240 999 272 nemu
1032 241 1200 274 srArn

229 334 443 387 Roribus‚
464 341 509 377 et
530 337 643 377 tetra
659 335 921 379 morientum
942 338 1175 391 aspergine
1195 342 1389 381 manant.

231 402 297 444 Ut
315 403 401 453 leo,
421 404 499 457 qui
520 402 692 457 campis
711 403 841 458 longe
862 404 1049 446 custode
1068 405 1220 459 fugato
1609 407 1697 450 675

229 470 461 525 Massylas
481 470 695 524 depastus
713 483 842 521 oveS,
863 471 943 512 ubi
963 473 1174 526 sanguine
1193 473 1334 516 multo

230 537 480 580 Luxuriata
497 537 656 590 fames,
676 540 932 594 cervixque,
952 545 998 582 et
1014 542 1118 582 tabe
1137 546 1336 595 gravatae

230 604 486 647 Consedere
498 606 639 661 jubae,
660 606 824 648 mediis
845 608 891 648 in
911 607 1112 650 caedibus
1131 613 1254 650 astat

229 674 384 727 AEger,
404 674 549 725 hians,
568 674 808 728 victusque
831 675 944 716 cibis
962 688 973 717 :
1002 688 1085 717 nec
1100 676 1195 730 jam
1217 676 1412 731 amplius
1432 676 1525 719 irae.

230 740 536 783 Crudescunt:
571 744 742 783 tantum
762 742 919 783 vacuis
941 741 1044 785 ferit
1063 742 1170 785 a'era
1189 743 1334 796 malis,
1610 743 1698 787 680

230 808 482 864 Molliaque
502 808 650 863 eJecta
670 809 883 852 delambit
904 811 1067 853 vellera
1085 811 1251 865 lingua.

229 876 317 918 Ille
338 877 472 919 etiam
492 876 669 919 Thebas
689 878 866 932 spoliis,
889 883 935 920 et
956 879 1172 933 sanguine
1193 880 1353 933 plenus

227 945 364 995 Isset,
386 949 430 987 et
450 945 645 986 attonitis
665 958 779 996 sese,
801 947 1075 1002 populoque,
1090 947 1279 1002 ducique

230 1012 514 1055 Ostentasset
532 1025 687 1063 ovans,
709 1015 756 1055 ni
777 1019 839 1066 tu,
861 1015 1061 1057 Tritonia
1080 1015 1218 1069 virgo,

230 1079 532 1134 Flagrantem,
553 1081 784 1137 multaque
807 1084 955 1137 operis
974 1083 1163 1137 caligine
1183 1084 1379 1138 plenum,
1609 1082 1695 1125 685

229 1146 432 1190 Consilio
451 1148 636 1202 dignata
650 1149 818 1193 virum:
851 1150 960 1192 Sate
980 1155 1107 1205 gente
1127 1152 1311 1206 superbi

229 1267 282 1296 tus
295 1264 400 1296 stillat
415 1264 545 1296 imbrem
558 1265 776 1305 sanguineum,
792 1268 824 1298 et
837 1266 958 1305 soedam
973 1266 1216 1298 occumbentium
1237 1266 1455 1307 aspersionem
1505 1266 1549 1298 Ut
1571 1266 1629 1306 leo,
1642 1266 1698 1307 qui

221 1311 352 1348 pastore
366 1308 458 1347 longe
472 1318 491 1338 α
506 1308 623 1348 campis
637 1309 746 1340 abacto
761 1309 923 1340 devoravit
940 1310 1102 1351 Massylas
1128 1319 1213 1349 oves,
1236 1309 1290 1340 ubi
1303 1309 1409 1347 sames
1421 1312 1513 1350 pasta
1527 1312 1575 1341 est
1599 1311 1697 1341 multo

227 1360 349 1390 cruore,
360 1354 392 1383 et
406 1351 520 1385 collum
531 1354 562 1382 et
568 1351 659 1390 jubae
674 1355 811 1384 oneratoe
820 1353 908 1384 sanie
923 1354 1154 1392 detramuerunt,
1167 1355 1252 1384 astat
1260 1352 1408 1391 faucibus
1421 1352 1540 1393 apertis
1547 1353 1583 1384 in
1595 1352 1698 1384 media

227 1396 348 1433 strage,
363 1394 475 1433 lassus,
490 1397 521 1424 et
535 1394 671 1425 satiatus
687 1405 774 1426 esca.-
794 1405 850 1427 nec
857 1395 926 1434 jam
943 1396 1182 1435 ampliusfuror
1195 1395 1394 1427 exardescit:
1425 1398 1548 1427 tantum
1561 1396 1698 1435 percutit

227 1436 332 1468 aerem
347 1436 436 1468 inani
450 1438 546 1473 rictu,
562 1439 593 1467 et
609 1437 705 1476 lingit
720 1441 830 1469 exerta
844 1438 954 1478 lingua
969 1442 1092 1469 teneras
1104 1438 1204 1470 lanas.
1237 1438 1297 1469 Ille
1311 1438 1406 1470 etiam
1423 1438 1557 1479 Tydeus,
1570 1441 1698 1469 onustus

228 1479 355 1512 exuviis
369 1483 400 1511 et
415 1489 536 1518 cruore,
553 1479 674 1512 Thebas
687 1481 843 1521 petiisset,
858 1485 890 1512 et
906 1480 1102 1521 triumphans
1117 1491 1184 1512 sese
1198 1482 1398 1521 spectandum
1415 1481 1601 1522 proelmisut.
1613 1481 1697 1521 regi,

229 1525 260 1554 et
275 1522 486 1555 consternatis
499 1522 630 1563 civibus,
645 1524 707 1555 nisi
722 1527 771 1563 tu,
786 1524 877 1563 virgo
894 1524 1054 1562 Tritonia,
1074 1523 1350 1564 consiliojuvisses
1367 1525 1470 1555 virum
1484 1525 1698 1562 ardentem&

222 1564 386 1605 factorum
399 1574 528 1598 suorum
542 1566 760 1606 mgnitudine
775 1570 958 1599 occoecatum
969 1577 980 1598 .·
1013 1567 1156 1599 Oriunde
1173 1576 1288 1607 genere
1310 1567 1426 1599 tumidi
1442 1566 1550 1604 (Επεὶ,
1565 1566 1618 1598 cui
1639 1567 1698 1598 du-

842 1656 1083 1669 “metae-000

227 1711 317 1743 ribus
327 1715 359 1744 et
371 1715 458 1744 terra
473 1710 578 1743 Aldd.
592 1711 703 1744 Colin.
715 1711 850 1753 Gryph.
864 1716 900 1744 et
909 1712 1016 1744 Basil.
1032 1711 1172 1743 Rorilms
1181 1715 1212 1743 et
1222 1714 1307 1743 tetra
1315 1711 1459 1743 Venett.
1468 1711 1569 1742 Rom.
1580 1709 1698 1742 Plant.

229 1755 294 1786 διο.
318 1765 395 1786 cum
409 1755 563 1786 omnibus
578 1754 653 1786 fere
665 1755 768 1787 codd.
784 1755 922 1787 Rev-ibus
936 1758 967 1787 et
982 1755 1093 1787 crebra
1108 1764 1195 1786 unus
1212 1755 1440 1786 Benna—6⁷5
1457 1753 1558 1785 Alter
1571 1753 1697 1784 Behot.

228 1799 354 1830 custode
367 1801 605 1830 remota—681
622 1798 810 1829 Burmanni
821 1798 932 1830 codex
943 1798 978 1829 in
994 1798 1316 1838 marginefextraota
1325 1808 1338 1834 ,·
1362 1796 1522 1828 undeille
1536 1804 1547 1826 ε
1568 1795 1698 1827 Mollia-

229 1850 287 1881 que
302 1844 439 1880 exserta,
452 1842 614 1881 ssa-684
627 1841 711 1873 Exc.
729 1841 876 1872 (tantali.
892 1841 1054 1873 Petrens.
1069 1841 1208 1872 Taurin.
1224 1841 1342 1871 Bnrm.
1360 1839 1452 1871 Dan.
1474 1840 1556 1871 Put.
1573 1838 1698 1870 Petav-

229 1882 340 1924 Lang.
358 1884 504 1924 Lipsian.
522 1883 712 1923 Barthiani,
727 1883 867 1916 Behott.
894 1884 1039 1915 Venett.
1064 1884 1161 1915 Rom.
1193 1882 1298 1914 Aldd.
1314 1882 1423 1914 Colin.
1440 1882 1575 1922 Gryph.
1591 1881 1700 1913 Basil.

228 1925 347 1959 Ptant.
360 1927 505 1958 Gevart.
530 1926 687 1958 Grasser.
699 1926 930 1968 Lindenbrog.
947 1927 1051 1959 Cruc.
1061 1925 1209 1958 Amstel.
1222 1925 1373 1957 Gronov.
1383 1925 1504 1956 Barth.
1519 1929 1556 1956 et
1569 1923 1698 1964 Delph.

229 1969 264 1999 ni
280 1972 334 2006 1¹⁴5
358 1978 445 2000 unus
463 1968 654 2000 Leodensis
670 1969 792 2009 codex,
813 1969 878 2001 nisi
892 1973 949 2006 tu‚·
971 1975 1007 2000 et
1021 1969 1070 2000 sic
1087 1968 1172 2010 legit
1185 1967 1376 2000 Gronovius
1390 1967 1424 1999 in
1439 1967 1552 1999 Diatr.
1570 1976 1605 2007 p.
1620 1968 1698 1998 277.

229 2012 327 2043 Unus
342 2012 401 2043 ille
412 2012 637 2052 Veenhusius,
652 2012 768 2043 nescio
791 2012 898 2052 unde,
912 2011 1035 2053 edidit,
1056 2011 1110 2043 ubi
1122 2015 1181 2048 tu,·
1203 2015 1241 2042 nt
1256 2010 1414 2042 nimirum
1437 2009 1540 2042 fidem
1566 2008 1700 2041 faceret

227 2053 377 2086 Statium
392 2064 413 2086 a
428 2064 464 2086 se
481 2053 587 2086 fuisse
614 2057 624 2074 ⁶
636 2054 893 2087 accuratissime
909 2055 1117 2087 illustratum
1133 2053 1154 2094 ;’
1176 2053 1237 2086 sed
1264 2054 1338 2086 haec
1364 2053 1400 2085 in
1427 2052 1528 2085 titulo
1550 2052 1698 2094 jactatio

894 2139 927 2172 N
933 2139 1037 2172 01*AE

227 2204 239 2222 ⁴
254 2204 458 2246 Sanguineis
472 2204 616 2237 stillavit
628 2205 760 2237 roribus
774 2204 898 2237 arbor?
987 2204 1091 2246 juxta
1106 2213 1208 2246 quem
1221 2204 1413 2244 colebatur,
1427 2203 1482 2235 vel
1493 2201 1583 2245 quod
1599 2211 1620 2234 e
1633 2202 1696 2236 Jo-

272 2258 338 2287 676
375 2254 549 2296 Massylas]
584 2255 730 2296 Massyli
761 2255 939 2296 Stephano
993 2256 1044 2286 vis
1057 2255 1173 2296 capite
1187 2259 1268 2286 nata
1282 2253 1350 2286 sit:
1363 2252 1594 2286 Athenienses
1605 2252 1696 2284 enim

230 2305 352 2347 populi
373 2305 629 2337 mediterranea
643 2305 772 2338 Africae
789 2307 938 2337 incolen-
993 2310 1100 2345 caput
1115 2306 1245 2346 τριτῶνα
1259 2303 1448 2345 appellant.

229 2361 296 2396 tes,
310 2356 454 2397 proximi
466 2356 686 2388 Mauritaniae
699 2356 917 2388 Caesariensi.
1036 2358 1099 2387 685
1115 2355 1281 2396 Multaque
1296 2354 1402 2396 operis
1411 2352 1548 2393 ealigine
1558 2353 1700 2395 plenum]

274 2409 341 2439 678
375 2407 551 2438 Consedere
570 2406 676 2447 juboe]
711 2406 840 2438 Sedato
877 2406 940 2438 sci·
994 2406 1168 2448 Prospera
1190 2405 1281 2437 enim
1307 2404 1448 2437 fortuna
1471 2408 1622 2435 mentem
1638 2403 1696 2435 ob-

227 2457 314 2490 licet
337 2456 456 2490 furore
472 2468 482 2497 3
507 2466 586 2488 nam
614 2458 667 2489 leo
695 2455 812 2488 furens
835 2457 937 2499 erigit
993 2466 1127 2489 caeeare
1144 2457 1244 2488 solet.
1290 2455 1301 2473 ‘
1315 2455 1347 2487 Ο
1360 2458 1527 2497 quantum
1542 2452 1697 2494 caliginis

225 2509 342 2551 jubas.
991 2507 1165 2539 mentibus
1189 2505 1345 2537 humanis
1361 2504 1481 2546 objicit
1499 2511 1623 2545 magna
1644 2501 1695 2534 fe-

273 2563 339 2592 080
358 2557 489 2599 Vacuis]
503 2558 593 2592 Quia
605 2567 672 2590 non
684 2558 829 2600 amplius
842 2567 936 2590 man·
991 2558 1107 2589 licitas
1118 2558 1136 2589 !'
1155 2557 1290 2589 Seneca
1304 2556 1364 2588 lib.
1382 2555 1426 2587 de
1442 2555 1620 2587 Brevitate
1635 2554 1696 2586 vi-

232 2612 296 2645 dit.
992 2612 1051 2640 tae.
1104 2608 1152 2640 Et
1177 2607 1429 2639 Demosthenes
1450 2605 1494 2637 de
1516 2604 1692 2646 Philippo,

273 2666 339 2696 684
365 2663 524 2704 Mania]
541 2662 669 2701 Pallas,
682 2671 742 2693 sen
763 2661 938 2701 Minerva,
992 2658 1077 2691 dicit
1091 2657 1213 2697 μεθύειν
1236 2658 1284 2699 τῷ
1294 2655 1420 2697 μεγέθει
1433 2657 1498 2688 τῶν
1510 2654 1688 2699 πεπραγμέ-

233 2713 380 2745 Tritonia
405 2714 501 2746 dicta
524 2717 590 2754 est,
611 2713 666 2744 vel
689 2722 710 2744 a
727 2711 852 2753 palude
865 2711 939 2742 Tri·
992 2720 1052 2741 νων
1065 2709 1224 2750 ἀριστῆας.
1267 2738 1271 2740 ,

230 2764 347 2795 tonide
374 2764 409 2796 in
436 2763 570 2801 Africa,
593 2762 649 2794 ubi
680 2762 798 2804 genita
818 2761 938 2794 crede·
1035 2762 1100 2791 686
1122 2759 1286 2802 Dignata]
1308 2758 1423 2801 Adde,
1438 2768 1543 2792 esses.

232 2812 348 2852 batur,
373 2815 426 2847 vel
451 2825 471 2846 a
493 2814 635 2846 Tritone
661 2813 806 2846 Boeotiae
824 2821 936 2852 amne,
