1820 3068
215 232 300 279 792
713 245 753 275 P.
789 244 981 276 PAmNn
1016 245 1181 277 sawrn

213 339 372 382 Terror
392 340 510 382 inest
531 341 757 395 lacrymis,
778 353 858 395 per
878 349 924 383 et
946 354 1070 384 arma
1090 346 1133 385 et
1154 339 1345 398 corpora
1361 343 1536 399 passim

214 409 435 451 Canitiem
458 409 686 463 impexam
706 411 801 452 (lira
820 411 974 452 tellure
995 411 1220 462 volutanS,

214 476 390 527 Quaerit
409 477 541 531 inops
559 481 698 527 natos,
719 479 925 532 omnique
945 478 992 519 in
1011 491 1195 533 corpore
1217 480 1400 534 plangit.

211 545 445 587 Thessalis
466 546 584 587 haud
604 547 734 588 aliter
753 547 873 588 bello
895 547 1052 600 gavisa
1073 548 1253 598 recenti,
1595 547 1680 589 140

213 612 299 655 Cui
321 615 481 667 gentile
502 615 629 656 nefas
649 616 870 657 hominem
890 627 1101 657 revocare
1122 615 1340 668 canendo,

213 682 442 724 Multifida
465 683 672 725 attollens
691 684 876 738 antiqua
895 683 1069 726 lumina
1088 684 1235 734 cedro,

211 749 359 792 Nocte
382 751 501 793 subit
521 765 724 806 campOS,
746 755 986 805 versatque
1009 751 1051 792 in
1072 752 1286 805 sanguine
1306 751 1504 795 functum

209 816 400 871 Vulgus,
417 822 460 860 et
480 819 690 874 explorat
705 833 874 870 manes,
895 819 968 861 cui
987 819 1179 873 plurima
1199 820 1334 862 busto

209 885 405 940 Imperet
425 887 483 929 ad
506 887 721 942 Superos:
754 889 999 930 animarum
1019 892 1181 931 moesta
1198 892 1435 942 queruntur
1592 888 1679 930 145

211 955 427 1007 eoncilia,
451 962 496 998 et
517 957 632 1010 nigri
652 961 777 1012 pater
796 957 1044 1011 indignatur
1065 956 1247 999 Averni.

210 1023 283 1065 Illi
304 1024 349 1065 in
370 1037 552 1066 secessu
572 1027 740 1080 pariter
761 1026 844 1067 sub
866 1038 974 1080 rupe
990 1025 1210 1079 jacebant

210 1092 403 1144 Felices,
426 1107 541 1149 quos
562 1107 654 1136 una
673 1094 783 1144 dies,
800 1106 953 1135 manus
976 1094 1159 1136 abstulit
1179 1106 1282 1145 una,

208 1160 372 1203 Pervia
395 1163 646 1204 vulneribus
666 1163 813 1204 media
835 1163 954 1204 trabe
976 1165 1159 1216 pectora
1181 1161 1304 1204 nexi.

205 1275 259 1304 tur
271 1284 282 1310 ‚·
304 1283 411 1305 cerum
428 1274 538 1305 horror
553 1275 635 1307 inest
647 1275 793 1317 fletibus,
808 1279 840 1307 et
859 1276 974 1317 passim
996 1274 1120 1312 volvens
1135 1274 1302 1312 incomtam
1325 1272 1476 1304 caniciem
1501 1272 1536 1304 in
1548 1277 1677 1306 cruento

204 1317 283 1355 solo,
303 1316 379 1348 orba
402 1321 562 1350 scrutatur
585 1329 744 1359 perarma
758 1322 790 1350 et
813 1329 869 1360 per
895 1320 1047 1350 cadavera
1059 1317 1164 1359 filios,
1189 1319 1220 1348 et
1241 1318 1328 1356 luget
1341 1324 1435 1357 cuper
1448 1325 1536 1348 omne
1552 1326 1676 1358 corpus.

206 1359 279 1391 Non
295 1369 381 1391 secus
406 1370 485 1399 saga
507 1361 656 1393 Thessala
685 1363 760 1393 loeta
780 1363 891 1402 praelio
915 1361 1046 1401 recenti,
1071 1360 1122 1391 cui
1147 1360 1288 1401 patrium
1310 1363 1356 1391 eae
1377 1359 1496 1391 crimen
1524 1361 1678 1392 caecitare

205 1407 342 1434 mortuos
355 1403 557 1440 carminibus,
571 1404 697 1445 erigens
718 1405 905 1447 multifidam
919 1404 1028 1442 facem
1053 1413 1145 1445 super
1166 1406 1301 1434 veterem
1325 1402 1412 1433 cedri
1432 1412 1566 1443 ramum,
1583 1407 1678 1434 noctu

203 1449 354 1485 peragrat
371 1456 479 1486 agros,
499 1449 677 1489 volutatque
692 1448 726 1480 in
743 1457 851 1480 cruore
872 1447 1047 1479 exanimem
1064 1446 1226 1487 populum,
1236 1449 1267 1477 et
1292 1445 1376 1476 inter
1389 1448 1528 1476 mortuos
1549 1445 1676 1486 quaerit,

203 1499 297 1528 quam
311 1490 450 1521 umbram
462 1491 502 1521 ad
525 1501 654 1532 superos
669 1495 783 1528 evocet,
801 1495 831 1523 et
847 1490 898 1522 cui
911 1489 1024 1529 jubeat
1043 1490 1142 1521 multa
1163 1488 1265 1520 dicere
1276 1499 1287 1520 ,-
1312 1488 1419 1519 tristes
1440 1488 1541 1519 turbae
1555 1488 1675 1520 anima-

204 1541 274 1562 rum
287 1533 406 1572 dolent,
421 1538 452 1564 et
477 1534 618 1565 dominus
641 1534 707 1565 atri
729 1533 852 1565 Averni
874 1533 1036 1565 irascitur.
1079 1531 1311 1564 sternebantur
1332 1541 1396 1562 una
1423 1530 1479 1562 sub
1504 1531 1628 1572 scopulo
1640 1531 1676 1563 in

203 1578 319 1606 remoto
331 1577 406 1616 loco,
412 1577 588 1616 fortunati,
612 1587 686 1618 quos
706 1579 812 1609 eadem
829 1577 909 1616 dies,
932 1587 969 1608 ac
983 1577 1091 1607 eadem
1117 1585 1226 1607 manus
1244 1573 1365 1616 rapuit,
1380 1573 1558 1613 emuncto:
1572 1574 1676 1607 medio

819 1660 1058 1673 OOCOO‘O‘OOOO

205 1715 285 1754 Igne
305 1718 438 1747 tremens
454 1725 516 1757 pro
544 1726 575 1747 v.
596 1717 618 1748 1.
645 1715 780 1758 profert
799 1715 1083 1756 Lindenbrogius,
1101 1713 1190 1747 unde
1213 1712 1449 1745 nescim—13⁷
1472 1711 1565 1744 Dan.
1591 1711 1675 1752 ΡΜ.

203 1757 328 1790 Petav.
356 1763 504 1800 uterque
530 1759 653 1791 Behot.
684 1760 792 1805 Lang.
822 1761 923 1791 Laur.
956 1758 1092 1791 Buslid.
1120 1756 1271 1799 Lipsian.
1291 1757 1435 1788 Venett.
1452 1756 1550 1787 Rom.
1569 1753 1674 1787 Aldd.

203 1801 312 1831 Colin.
335 1801 467 1842 Grypli.
501 1802 605 1834 Basil.
634 1803 752 1835 Plant.
780 1802 1011 1843 Lindenbrog.
1037 1802 1139 1833 Cruc.
1163 1801 1309 1833 Gevart.
1325 1803 1362 1831 et
1376 1799 1540 1831 Gmser.
1561 1805 1681 1840 perque.

202 1854 313 1882 arma;
329 1844 429 1876 codd.
449 1846 639 1884 Bartluani,
654 1847 771 1878 Burni.
785 1846 925 1878 Taurin.
939 1845 1100 1877 Petrens.
1124 1845 1210 1875 Exc.
1234 1842 1383 1874 Cantab.
1411 1841 1559 1891 Arnstel.
1585 1841 1673 1873 Gro-

203 1897 280 1919 nov.
311 1888 429 1919 Barth.
455 1888 565 1920 Veen.
591 1894 624 1921 et
647 1890 775 1930 Delplx.
795 1899 852 1930 per
866 1893 898 1920 et
913 1889 1121 1920 arnum—141
1149 1888 1228 1918 Put.
1245 1887 1348 1918 Laur.
1367 1884 1518 1926 Lipsnan.
1535 1888 1570 1934 et
1587 1893 1673 1915 non-

202 1930 285 1961 nulli
302 1930 682 1970 Bartnianifrenovarm
705 1932 797 1973 quod
814 1931 872 1963 ille
886 1941 953 1963 non
971 1930 1217 1972 proban-148
1239 1930 1249 1947 ‘
1266 1929 1308 1961 In
1324 1928 1455 1969 optimo
1471 1927 1593 1977 codice
1604 1935 1673 1958 non

201 1973 343 2014 abstulit,
361 1974 421 2006 sed
438 1975 540 2006 claris
565 1975 674 2007 literis
700 1975 826 2007 obstulit
852 1975 999 2015 legitur.'
1021 1973 1140 2006 Barth.
1184 1971 1274 2004 Vide
1303 1972 1384 2004 Nic.
1413 1969 1596 2003 Hemamm
1627 1968 1673 2001 nd

864 2055 896 2088 N
902 2055 1006 2088 01¹AE

248 2120 310 2150 139
335 2119 454 2159 Natos]
481 2120 704 2161 Thespiadas.
755 2120 908 2162 Omnique

196 2170 235 2200 'in
249 2179 377 2211 corpore
398 2170 540 2210 plangit]
563 2170 691 2202 Contra
716 2171 823 2203 Theb.
839 2180 909 2204 ΧΠ.

152 2240 160 2248 .
199 2223 207 2238 ‘
224 2221 341 2252 Ruunt
359 2220 500 2262 planctu
516 2221 704 2263 pendente,
731 2226 767 2254 et
784 2221 909 2263 ubique

201 2271 349 2312 parato.’

246 2325 307 2354 140
331 2322 504 2365 Thessalis]
528 2323 670 2366 Supple,
686 2333 780 2365 saga.
815 2324 908 2356 Bello

197 2372 311 2412 gavisa
340 2372 474 2414 recenti]
528 2372 585 2405 Ob
615 2376 750 2416 copiam
785 2383 907 2416 corpo·

200 2432 287 2455 rum.

243 2476 302 2506 141
334 2474 461 2506 Gentile
475 2474 579 2515 nefas]
614 2476 787 2508 Thessalae
815 2477 904 2508 enirn

199 2524 360 2556 mulieres
392 2524 538 2565 magiam
580 2534 696 2557 omnes
737 2536 904 2558 exercere

199 2575 356 2616 creditae,
370 2576 524 2618 hancque
542 2582 654 2609 artem
677 2587 696 2609 a
721 2578 904 2619 majoribus

199 2626 395 2667 accepisse3
422 2627 510 2659 unde
521 2629 643 2668 gentile
658 2627 758 2668 nefas.

243 2679 304 2708 142
331 2677 446 2718 Cedro]
469 2678 575 2711 'I‘aeda
599 2689 642 2711 ex
671 2679 775 2712 cedro
799 2679 905 2713 faeta.

199 2727 380 2769 Μαίιξῇάα]
406 2727 446 2760 ld
474 2733 539 2769 est,
568 2730 602 2761 in
629 2730 766 2762 modum
794 2731 904 2772 spica-

198 2787 272 2809 rum
308 2778 428 2818 incisa,
464 2789 530 2822 quo
568 2779 703 2812 facilius
732 2779 902 2825 flammam

198 2828 382 2870 concipiat.
428 2830 576 2862 Veteres
600 2831 799 2873 ‘inspicare
817 2831 825 2845 ’
850 2832 900 2864 di·

962 2117 1101 2151 cebant.
1145 2115 1312 2158 Virgilius
1328 2115 1459 2157 Georg.
1473 2123 1499 2147 1.
1514 2114 1526 2133 ‘
1541 2115 1670 2148 Ferro-

962 2179 1028 2211 que
1045 2167 1139 2200 faces
1155 2167 1306 2208 inspicat
1328 2164 1455 2198 acuto!

1007 2223 1068 2253 145
1101 2219 1302 2260 Queruntur]
1345 2215 1582 2258 subintellige,
1618 2215 1671 2248 in-

989 2271 1123 2303 nictari.

964 2282 983 2314 q
1008 2325 1070 2354 146
1095 2321 1197 2362 Nigri
1207 2323 1303 2363 pater
1317 2316 1455 2359 Averni]
1486 2317 1595 2350 Pluto
1606 2326 1668 2350 rex

962 2372 1170 2406 Inferorum.

1006 2427 1067 2456 147
1091 2423 1163 2464 Illi]
1185 2420 1400 2465 Thespiadae.

1005 2478 1068 2507 148
1092 2475 1228 2515 Felices,
1255 2482 1331 2514 quos
1356 2480 1420 2503 una
1445 2468 1528 2510 dies]
1557 2468 1667 2501 Simul

961 2526 1050 2559 enim
1067 2526 1153 2558 mori
1168 2525 1385 2566 cupiverant.
1406 2521 1496 2554 vide
1506 2520 1566 2554 lib.
1577 2529 1666 2563 prae-

960 2577 1108 2610 cedente
1126 2587 1178 2608 vs.
1193 2578 1269 2608 642.

1005 2631 1068 2660 149
1094 2627 1208 2659 Per-via
1239 2624 1418 2658 vulneribus
1445 2623 1549 2656 media
1578 2621 1666 2654 trabe

956 2682 1082 2720 pectora
1110 2677 1201 2718 nexi]
1226 2675 1332 2709 Libro
1362 2674 1584 2718 praecedente
1613 2683 1665 2705 vs.

958 2734 1034 2764 637.
1058 2732 1068 2749 ‘
1083 2730 1166 2763 Exit
1181 2733 1218 2762 et
1235 2728 1268 2760 in
1281 2727 1436 2769 fratrem,
1444 2729 1662 2769 cognataque

959 2786 1102 2825 pectora
1117 2780 1210 2819 ferro
1226 2776 1410 2812 emiserit?

1803 2885 1820 3068 nummi
1814 2838 1820 2854 ,Α
