1820 3068
205 183 320 226 1094

713 192 753 223 Ρ.
787 190 978 222 PAPan
1012 190 1182 223 STA'rn

206 290 401 332 Erexcre
420 302 580 331 manus
599 302 609 332 :
641 292 738 331 tuto
760 290 918 344 procul
938 302 1016 331 ora
1036 301 1219 331 recessu

155 345 165 349 ’
205 356 443 400 Armorum
462 359 510 399 in
529 358 746 412 speculiS,
768 357 1006 412 aditusque
1027 358 1084 400 ad
1104 358 1284 400 vulnera
1305 359 1434 402 clusi.

210 426 255 468 H
261 427 303 468 ic
324 429 516 480 quantus
539 425 706 480 Stygiis
727 424 888 480 Tityos
909 428 1145 479 consurgat
1165 426 1223 467 ab
1245 427 1384 478 arvis,

209 495 258 536 Si
279 498 417 536 torvae
439 494 663 548 patiantur
681 506 809 545 aves,
829 497 955 535 tanta
975 492 1171 548 undique
1190 493 1349 548 pandit

210 561 511 603 Membrorum
530 562 692 616 spatia,
714 565 756 603 et
779 561 911 603 tantis
932 561 1053 602 ferus
1073 560 1254 603 ossibus
1271 563 1428 604 extat.v

1592 563 1699 612 755,

211 630 304 671 Hic
328 631 467 684 paulo
487 634 590 671 ante
609 643 734 684 puer,
755 630 835 672 sed
857 630 975 672 enim
994 630 1213 671 maturius
1235 641 1334 672 aevo

209 698 383 748 Robur,
403 701 447 739 et
466 698 669 752 ingentes
686 699 879 754 spondet
899 703 1022 740 tener
1040 699 1235 753 impetus
1257 709 1418 747 annos,

210 764 357 817 Quem
377 766 495 808 vinci
516 765 635 808 haud
656 768 912 822 quisquam,
935 779 1060 810 saevo
1079 780 1165 810 nec
1183 766 1397 821 sanguine
1413 768 1520 822 tingi

212 833 363 885 Malu,
385 838 430 877 et
449 839 599 877 erecto
621 836 775 877 timeat
794 835 1057 890 spectacula
1076 840 1196 879 voto,

210 977 331 1007 manus,
346 967 530 1000 abducentes
544 969 636 1009 longe
650 972 734 1001 retro
744 968 860 1009 capita,
875 972 905 1001 et
917 979 951 1001 se
964 972 1106 1009 tegentes
1118 969 1278 1011 mitibus,
1286 973 1319 1002 et
1330 970 1505 1004 claudentes
1516 970 1559 1003 ad
1569 970 1681 1011 Μαι

209 1011 344 1043 aditum.
393 1011 455 1042 Hic
481 1014 600 1051 tantus,
622 1016 755 1053 quantus
774 1013 887 1054 Tityus
901 1012 1077 1053 erigeretur
1091 1013 1124 1044 in
1138 1013 1264 1055 Stygiis
1275 1013 1404 1055 emptu,
1423 1013 1452 1045 si
1475 1017 1578 1045 truces
1598 1013 1680 1045 sine-

210 1057 283 1085 rent
308 1055 456 1091 tolucres,
480 1058 602 1086 tantam
628 1055 763 1097 undique
786 1055 931 1087 extendit
968 1059 1095 1087 artuum
1115 1056 1364 1098 amplitudinem,
1385 1060 1418 1088 et
1440 1055 1541 1088 tantis
1565 1055 1683 1089 ossibus

210 1096 357 1128 immanis
371 1098 498 1130 eminet.
544 1097 612 1129 Hic
626 1108 705 1139 puer
716 1099 809 1140 paulo
822 1102 907 1137 ante,
927 1099 982 1130 sed
995 1099 1080 1130 vires
1091 1102 1218 1132 atatem
1228 1102 1465 1141 precesserant,
1486 1103 1519 1131 et
1529 1098 1683 1138 juvenilis

211 1141 306 1171 ardor
318 1141 475 1180 promittit
490 1141 661 1180 gloriosam
673 1141 784 1181 vitam,
806 1152 895 1183 quem
915 1142 1019 1173 mallus
1038 1143 1133 1174 vellet
1153 1143 1307 1185 superari,
1326 1146 1384 1175 ant
1404 1142 1476 1175 diro
1488 1151 1599 1174 cruore
1611 1151 1684 1174 con-

211 1183 329 1224 spergi,
351 1187 382 1215 et
406 1183 458 1215 cui
481 1187 672 1225 spectatores
695 1188 835 1217 metuant
861 1185 1024 1223 manifesto
1047 1185 1163 1219 studio.
1211 1185 1256 1218 Ut
1269 1185 1446 1219 ocultum
1458 1186 1682 1226 lustraverunt,

824 1291 943 1304 oooooo

946 1291 1065 1304 cccccc

209 1365 324 1402 coma,-
347 1365 438 1407 quod
465 1365 523 1398 ille
550 1366 794 1407 proban-⁷52
818 1368 909 1400 Dan.
937 1368 1020 1400 Put.
1045 1368 1172 1401 Petav.
1194 1370 1231 1401 et
1253 1366 1336 1400 edd.
1350 1370 1440 1400 vett.
1462 1365 1682 1399 clausa—753

211 1408 288 1439 Heu
313 1412 463 1449 quantum
489 1419 576 1441 unus
605 1410 841 1443 Behot.-758
865 1411 963 1443 Unus
987 1411 1111 1444 Behot.
1135 1421 1233 1452 neque
1253 1411 1407 1452 samniae
1431 1409 1571 1452 tyngui;
1593 1409 1683 1452 ¹altei-

209 1451 334 1484 Behot.
361 1461 459 1493 neque
483 1452 637 1493 sanguim
657 1453 885 1494 tingat—759
907 1454 1030 1487 Behot.
1047 1457 1078 1488 1.
1094 1454 1248 1497 Lipsian.
1269 1454 1392 1487 Burm.
1418 1459 1456 1486 et
1471 1453 1614 1487 Veneti.
1640 1451 1683 1484 ti-

872 1559 1019 1593 NOTAE

211 1632 359 1666 Flaccus
383 1633 427 1666 de
452 1634 622 1668 Polluce:
646 1635 814 1678 ‘Semper
834 1636 922 1668 etin

209 1683 341 1726 digitis,
355 1689 390 1717 et
406 1687 526 1717 summi
543 1687 683 1728 pulvere
699 1688 812 1729 campi
833 1688 921 1720 Por-

209 1739 394 1778 rectusque
410 1736 527 1770 redit.’
569 1738 612 1771 Id
629 1743 696 1780 est,
711 1739 802 1771 omni
818 1739 922 1772 modo

192 1781 287 1819 'sese
324 1789 530 1822 extendens.
575 1790 666 1823 Vide
703 1791 919 1824 Macrobium

208 1838 270 1871 lib.
287 1848 323 1871 v.
338 1849 414 1881 cap.
429 1842 462 1874 7.

251 1892 315 1921 751
331 1889 410 1922 Tuto
416 1889 541 1931 procul]
556 1890 687 1933 Supple
699 1891 710 1909 ‘
720 1890 825 1924 sunt!
845 1891 920 1934 Sig-

207 1939 339 1982 nificat,
352 1941 401 1973 ait
415 1941 584 1982 Cruceus,
602 1952 663 1975 ora
680 1946 784 1987 atque
802 1943 919 1975 oculos

209 1990 319 2023 fuisse
334 1993 429 2034 quasi
452 1992 487 2024 in
509 1994 664 2034 specula,
677 1997 714 2025 et
729 1993 919 2026 identidem

209 2042 433 2084 prospexisse
453 2042 674 2077 imminentes
697 2044 741 2077 ab
764 2044 921 2077 adversa-

212 2092 264 2124 rio
280 2102 464 2135 armornm,
479 2094 515 2126 id
539 2098 605 2135 est,
629 2099 796 2127 caestuum
819 2095 922 2127 ictus.

211 2143 389 2176 Consonat
404 2143 488 2176 iuud
504 2143 548 2176 de
564 2145 700 2178 Darete
723 2150 760 2177 et
781 2146 921 2178 Entello

209 2195 467 2236 pugnantibus:
492 2195 703 2228 ‘Abduxere
727 2200 821 2229 retro
846 2197 922 2228 lon·

210 2255 254 2283 ge
281 2246 398 2286 capita
424 2246 531 2278 ardua
557 2246 602 2278 ab
632 2246 726 2279 ictu!
770 2247 863 2280 Quid
891 2247 922 2279 si

211 2296 462 2328 Hellenismum
486 2296 607 2330 Poetis
631 2296 834 2330 familiarem
863 2298 922 2330 ad-

210 2346 386 2379 mittamus
400 2347 435 2379 in
454 2347 522 2379 illis
545 2347 686 2380 vocibus
711 2352 722 2367 ‘
733 2349 855 2390 procul
870 2359 922 2380 ar*

210 2409 341 2432 morum
352 2399 376 2432 ?'
389 2403 428 2432 ut
443 2401 501 2442 sit,
510 2398 611 2442 πόῤῥω
625 2402 687 2433 τῶν
697 2399 823 2433 &mm
845 2411 922 2433 sen-

211 2461 268 2484 sus
285 2451 353 2484 erit
367 2452 590 2485 clarissimus.

253 2505 319 2534 752
340 2503 510 2535 Armorum
530 2504 564 2536 in
577 2504 726 2546 ῳεοιιῑίε]
758 2504 828 2537 Hic
844 2515 919 2537 ver-

208 2563 264 2584 sus
281 2558 463 2594 suspectus
478 2555 632 2597 Guyeto‚
646 2565 711 2588 nec
732 2565 753 2587 a
771 2556 918 2588 Lactan-

211 2603 259 2635 tio
272 2604 479 2644 agnoscitur.

253 2656 317 2685 753
343 2654 425 2696 Hic]
459 2655 653 2697 Capaneus.
700 2656 848 2692 Quantus
864 2657 917 2689 Ti·

210 2704 296 2746 tyos]
333 2705 422 2736 Vide
453 2715 531 2748 quae
561 2705 708 2738 diximus
744 2706 788 2739 de
814 2707 918 2749 Tityo

212 2755 325 2788 Theb.
342 2765 367 2787 Ι.
382 2758 460 2788 710.

1015 1639 1081 1670 754
1104 1636 1145 1669 Si
1158 1640 1257 1669 torva
1268 1634 1436 1678 patiantur
1449 1633 1538 1675 aves]
1572 1631 1681 1667 'steb-

975 1697 1029 1721 xr.
1057 1689 1117 1721 ubi
1147 1689 1254 1725 etiam
1282 1687 1478 1729 Capaneum
1503 1687 1684 1727 comparat

974 1748 1052 1772 cum
1071 1739 1176 1782 Tityo
1191 1749 1201 1772 ι
1222 1739 1233 1757 ‘
1245 1738 1338 1780 Ipsae
1353 1737 1506 1777 horrent,
1527 1735 1556 1768 si
1573 1742 1683 1778 quan-

975 1790 1020 1823 do
1036 1795 1179 1832 pectore
1202 1789 1245 1822 ab
1272 1789 1344 1821 alto
1356 1788 1564 1829 Emergunt,
1587 1785 1682 1818 volu-

975 1841 1078 1876 cres!

1017 1895 1083 1925 756
1106 1891 1191 1932 Hic]
1214 1889 1420 1923 Alcidamas.

1014 1947 1080 1976 757
1103 1945 1148 1975 Et
1162 1943 1307 1982 ingentes
1323 1940 1453 1982 spondet
1472 1942 1562 1971 tener
1583 1938 1682 1980 impe·

973 2000 1023 2028 tus
1037 1993 1150 2035 annos]
1166 1993 1208 2025 Id
1225 1995 1290 2033 est,
1305 1991 1406 2023 ardor
1421 1994 1552 2022 tenerae
1569 1989 1683 2022 aetatis

972 2055 1130 2088 magnam
1158 2043 1285 2076 futurae
1315 2041 1454 2083 virtutis
1482 2041 1680 2075 claritatem

974 2097 1124 2140 spondet
1139 2096 1175 2128 in
1189 2099 1378 2137 posterum.

1018 2150 1083 2180 758
1106 2146 1206 2179 Haud
1220 2143 1397 2188 quisquam]
1419 2143 1534 2176 Etiam
1548 2143 1608 2186 qui
1622 2142 1684 2176 ad-

975 2198 1127 2231 versario
1141 2196 1279 2229 faverit.

1019 2251 1084 2281 '759
1103 2246 1305 2290 Spectacula]
1329 2246 1399 2278 Pro
1411 2244 1684 2287 spectatoribus,

977 2299 1070 2332 sicut
1091 2296 1354 2331 ‘matrimonia'
1382 2304 1446 2338 pro
1473 2294 1682 2327 ‘matronis’

978 2349 1070 2393 apud
1094 2349 1229 2382 Livium
1245 2347 1305 2380 lib.
1322 2356 1358 2379 x.
1395 2346 1454 2378 Sic
1475 2345 1486 2363 ‘
1498 2344 1686 2386 pmsidia,'

977 2411 1041 2443 pro
1070 2400 1081 2419 ‘
1095 2395 1340 2442 praesidiariis:
1377 2394 1589 2437 ‘emtodiae,¹
1608 2404 1683 2436 vpro

973 2450 1148 2491 ‘vinctis,’
1183 2447 1374 2487 ‘servitia,'
1420 2454 1483 2488 pro
1526 2445 1538 2464 ⁴
1552 2444 1685 2477 servis?

974 2505 1089 2535 Erecto
1102 2500 1190 2542 voto]
1228 2497 1428 2532 Lactantius
1442 2495 1598 2537 explieat
1611 2502 1683 2526 tus-

973 2563 1081 2596 penso
1093 2551 1223 2584 favore.
1256 2547 1376 2580 Malim
1391 2544 1586 2584 manifesto,
1601 2544 1685 2586 quia

973 2614 1013 2636 ea
1045 2613 1122 2646 quae
1147 2601 1326 2642 eriguntur
1345 2594 1583 2629 manifestiora
1605 2593 1684 2626 red-

971 2654 1111 2687 duntur.
1157 2649 1295 2690 Ument]
1329 2646 1501 2680 Naturale
1523 2645 1615 2676 enim
1629 2648 1686 2677 est

974 2708 1095 2739 timere
1120 2713 1182 2747 pro
1213 2697 1456 2735 infirmioribus
1479 2701 1517 2729 et
1539 2695 1684 2738 juniori-

957 2777 960 2783 ·
982 2757 1058 2789 bus.
