<?xml version="1.0" encoding="UTF-8"?>
<!DOCTYPE html PUBLIC "-//W3C//DTD XHTML 1.0 Transitional//EN"
    "http://www.w3.org/TR/xhtml1/DTD/xhtml1-transitional.dtd">
<html xmlns="http://www.w3.org/1999/xhtml" xml:lang="en" lang="en">
 <head>
  <title>
</title>
<meta http-equiv="Content-Type" content="text/html;charset=utf-8" />
  <meta name='ocr-system' content='tesseract 3.04.00' />
  <meta name='ocr-capabilities' content='ocr_page ocr_carea ocr_par ocr_line ocrx_word'/>
</head>
<body>
  <div class='ocr_page' id='page_1' title='image "./operaomniaexedit02statuoft_0098.png"; bbox 0 0 1820 3068; ppageno 0'>
   <div class='ocr_carea' id='block_1_1' title="bbox 218 179 304 223">
    <p class='ocr_par' dir='ltr' id='par_1_1' title="bbox 218 179 304 223">
     <span class='ocr_line' id='line_1_1' title="bbox 218 179 304 223; baseline 0 0"><span class='ocrx_word' id='word_1_1' title='bbox 218 179 304 223; x_wconf 82' lang='lat'><strong>682</strong></span> 
     </span>
    </p>
   </div>
   <div class='ocr_carea' id='block_1_2' title="bbox 183 285 1674 1093">
    <p class='ocr_par' dir='ltr' id='par_1_2' title="bbox 218 285 1391 412">
     <span class='ocr_line' id='line_1_2' title="bbox 218 285 1270 334; baseline 0.007 -7"><span class='ocrx_word' id='word_1_2' title='bbox 218 285 348 328; x_wconf 85' lang='lat' dir='ltr'><strong>Iliam</strong></span> <span class='ocrx_word' id='word_1_3' title='bbox 371 287 414 327; x_wconf 85' lang='lat' dir='ltr'><strong>et</strong></span> <span class='ocrx_word' id='word_1_4' title='bbox 433 286 649 327; x_wconf 90' lang='lat' dir='ltr'><strong>nocturno</strong></span> <span class='ocrx_word' id='word_1_5' title='bbox 669 285 835 328; x_wconf 90' lang='lat' dir='ltr'><strong>circum</strong></span> <span class='ocrx_word' id='word_1_6' title='bbox 857 287 1043 330; x_wconf 84' lang='lat' dir='ltr'><strong>stridore</strong></span> <span class='ocrx_word' id='word_1_7' title='bbox 1064 289 1270 334; x_wconf 85' lang='lat' dir='ltr'><strong>volantes</strong></span> 
     </span>
     <span class='ocr_line' id='line_1_3' title="bbox 219 352 1391 412; baseline 0.007 -17"><span class='ocrx_word' id='word_1_8' title='bbox 219 352 430 409; x_wconf 85' lang='lat' dir='ltr'><strong>Impastae</strong></span> <span class='ocrx_word' id='word_1_9' title='bbox 449 353 630 408; x_wconf 85' lang='lat' dir='ltr'><strong>fugistis</strong></span> <span class='ocrx_word' id='word_1_10' title='bbox 648 366 780 408; x_wconf 86' lang='lat' dir='ltr'><strong>aves;</strong></span> <span class='ocrx_word' id='word_1_11' title='bbox 799 356 1089 412; x_wconf 85' lang='lat' dir='ltr'>rabidamque</span> <span class='ocrx_word' id='word_1_12' title='bbox 1107 371 1265 403; x_wconf 89' lang='lat' dir='ltr'><strong>canum</strong></span> <span class='ocrx_word' id='word_1_13' title='bbox 1286 359 1391 410; x_wconf 89' lang='lat' dir='ltr'><strong>vim,</strong></span> 
     </span>
    </p>

    <p class='ocr_par' dir='ltr' id='par_1_3' title="bbox 183 421 1446 549">
     <span class='ocr_line' id='line_1_4' title="bbox 183 421 1446 484; baseline 0.006 -21"><span class='ocrx_word' id='word_1_14' title='bbox 183 448 187 451; x_wconf 89' lang='lat'>-</span> <span class='ocrx_word' id='word_1_15' title='bbox 218 421 398 477; x_wconf 84' lang='lat' dir='ltr'>Oraque</span> <span class='ocrx_word' id='word_1_16' title='bbox 419 422 541 465; x_wconf 87' lang='lat' dir='ltr'><strong>sicca</strong></span> <span class='ocrx_word' id='word_1_17' title='bbox 559 422 703 465; x_wconf 88' lang='lat' dir='ltr'><strong>ferunt</strong></span> <span class='ocrx_word' id='word_1_18' title='bbox 722 423 988 478; x_wconf 87' lang='lat' dir='ltr'><strong>trepidorum</strong></span> <span class='ocrx_word' id='word_1_19' title='bbox 1008 425 1207 470; x_wconf 88' lang='lat' dir='ltr'><strong>inhiasse</strong></span> <span class='ocrx_word' id='word_1_20' title='bbox 1227 428 1446 484; x_wconf 86' lang='lat' dir='ltr'><strong>luporum.</strong></span> 
     </span>
     <span class='ocr_line' id='line_1_5' title="bbox 215 490 1171 549; baseline 0.006 -17"><span class='ocrx_word' id='word_1_21' title='bbox 215 490 385 533; x_wconf 83' lang='lat' dir='ltr'><strong>Saevior</strong></span> <span class='ocrx_word' id='word_1_22' title='bbox 398 491 443 532; x_wconf 89' lang='lat' dir='ltr'><strong>in</strong></span> <span class='ocrx_word' id='word_1_23' title='bbox 461 491 646 549; x_wconf 88' lang='lat' dir='ltr'><strong>miseros</strong></span> <span class='ocrx_word' id='word_1_24' title='bbox 664 491 771 534; x_wconf 88' lang='lat' dir='ltr'><strong>fatis</strong></span> <span class='ocrx_word' id='word_1_25' title='bbox 791 493 962 535; x_wconf 89' lang='lat' dir='ltr'><strong>ultricis</strong></span> <span class='ocrx_word' id='word_1_26' title='bbox 980 491 1171 539; x_wconf 81' lang='lat' dir='ltr'><strong>ademtae</strong></span> 
     </span>
    </p>

    <p class='ocr_par' dir='ltr' id='par_1_4' title="bbox 215 557 1298 685">
     <span class='ocr_line' id='line_1_6' title="bbox 215 557 1298 615; baseline 0.006 -15"><span class='ocrx_word' id='word_1_27' title='bbox 215 557 375 600; x_wconf 88' lang='lat' dir='ltr'><strong>Delius</strong></span> <span class='ocrx_word' id='word_1_28' title='bbox 394 559 595 614; x_wconf 83' lang='lat' dir='ltr'><strong>insurgit,</strong></span> <span class='ocrx_word' id='word_1_29' title='bbox 615 572 876 615; x_wconf 88' lang='lat' dir='ltr'><strong>summaque</strong></span> <span class='ocrx_word' id='word_1_30' title='bbox 896 561 1124 606; x_wconf 81' lang='lat' dir='ltr'><strong>biverticis</strong></span> <span class='ocrx_word' id='word_1_31' title='bbox 1141 563 1298 608; x_wconf 84' lang='lat' dir='ltr'><strong>umbra</strong></span> 
     </span>
     <span class='ocr_line' id='line_1_7' title="bbox 215 625 1180 685; baseline 0.006 -18"><span class='ocrx_word' id='word_1_32' title='bbox 215 625 428 669; x_wconf 85' lang='lat' dir='ltr'><strong>Parnassi</strong></span> <span class='ocrx_word' id='word_1_33' title='bbox 445 626 660 678; x_wconf 83' lang='lat' dir='ltr'><strong>residens,</strong></span> <span class='ocrx_word' id='word_1_34' title='bbox 680 639 786 670; x_wconf 88' lang='lat' dir='ltr'><strong>arcu</strong></span> <span class='ocrx_word' id='word_1_35' title='bbox 806 628 1004 671; x_wconf 89' lang='lat' dir='ltr'><strong>crudelis</strong></span> <span class='ocrx_word' id='word_1_36' title='bbox 1022 630 1180 685; x_wconf 90' lang='lat' dir='ltr'><strong>iniquo</strong></span> 
     </span>
    </p>

    <p class='ocr_par' dir='ltr' id='par_1_5' title="bbox 212 693 1674 878">
     <span class='ocr_line' id='line_1_8' title="bbox 216 693 1674 756; baseline 0.007 -22"><span class='ocrx_word' id='word_1_37' title='bbox 216 693 441 738; x_wconf 86' lang='lat' dir='ltr'><strong>Pestifera</strong></span> <span class='ocrx_word' id='word_1_38' title='bbox 461 708 584 738; x_wconf 88' lang='lat' dir='ltr'><strong>arma</strong></span> <span class='ocrx_word' id='word_1_39' title='bbox 595 694 729 751; x_wconf 87' lang='lat' dir='ltr'><strong>jacit,</strong></span> <span class='ocrx_word' id='word_1_40' title='bbox 750 707 1027 752; x_wconf 89' lang='lat' dir='ltr'><strong>camposque</strong></span> <span class='ocrx_word' id='word_1_41' title='bbox 1046 702 1093 740; x_wconf 85' lang='lat' dir='ltr'><strong>et</strong></span> <span class='ocrx_word' id='word_1_42' title='bbox 1112 698 1234 741; x_wconf 89' lang='lat' dir='ltr'><strong>celsa</strong></span> <span class='ocrx_word' id='word_1_43' title='bbox 1254 698 1502 756; x_wconf 86' lang='lat' dir='ltr'><strong>Cyclopum</strong></span> <span class='ocrx_word' id='word_1_44' title='bbox 1588 699 1674 744; x_wconf 81' lang='grc'><strong>630</strong></span> 
     </span>
     <span class='ocr_line' id='line_1_9' title="bbox 212 763 1322 820; baseline 0.005 -15"><span class='ocrx_word' id='word_1_45' title='bbox 212 763 361 806; x_wconf 87' lang='lat' dir='ltr'><strong>Tecta</strong></span> <span class='ocrx_word' id='word_1_46' title='bbox 378 764 628 820; x_wconf 89' lang='lat' dir='ltr'><strong>superjecto</strong></span> <span class='ocrx_word' id='word_1_47' title='bbox 647 764 906 807; x_wconf 86' lang='lat' dir='ltr'><strong>nebularum</strong></span> <span class='ocrx_word' id='word_1_48' title='bbox 925 765 1121 809; x_wconf 86' lang='lat' dir='ltr'><strong>incendit</strong></span> <span class='ocrx_word' id='word_1_49' title='bbox 1139 767 1322 810; x_wconf 89' lang='lat' dir='ltr'><strong>amictu.</strong></span> 
     </span>
     <span class='ocr_line' id='line_1_10' title="bbox 214 830 1297 878; baseline 0.006 -6"><span class='ocrx_word' id='word_1_50' title='bbox 214 830 450 875; x_wconf 90' lang='lat' dir='ltr'><strong>Labuntur</strong></span> <span class='ocrx_word' id='word_1_51' title='bbox 468 832 622 875; x_wconf 89' lang='lat' dir='ltr'><strong>dulces</strong></span> <span class='ocrx_word' id='word_1_52' title='bbox 643 833 832 876; x_wconf 85' lang='lat' dir='ltr'><strong>animae:</strong></span> <span class='ocrx_word' id='word_1_53' title='bbox 862 846 982 876; x_wconf 89' lang='lat' dir='ltr'><strong>mors</strong></span> <span class='ocrx_word' id='word_1_54' title='bbox 1002 833 1081 877; x_wconf 90' lang='lat' dir='ltr'><strong>fila</strong></span> <span class='ocrx_word' id='word_1_55' title='bbox 1097 847 1297 878; x_wconf 87' lang='lat' dir='ltr'><strong>sororum</strong></span> 
     </span>
    </p>

    <p class='ocr_par' dir='ltr' id='par_1_6' title="bbox 212 899 1461 1093">
     <span class='ocr_line' id='line_1_11' title="bbox 212 899 1458 957; baseline 0.004 -15"><span class='ocrx_word' id='word_1_56' title='bbox 212 899 334 942; x_wconf 90' lang='lat' dir='ltr'><strong>Ense</strong></span> <span class='ocrx_word' id='word_1_57' title='bbox 353 901 495 952; x_wconf 90' lang='lat' dir='ltr'><strong>metit,</strong></span> <span class='ocrx_word' id='word_1_58' title='bbox 516 905 781 957; x_wconf 89' lang='lat' dir='ltr'><strong>captamque</strong></span> <span class='ocrx_word' id='word_1_59' title='bbox 801 904 955 945; x_wconf 85' lang='lat' dir='ltr'><strong>tenens</strong></span> <span class='ocrx_word' id='word_1_60' title='bbox 969 902 1055 945; x_wconf 86' lang='lat' dir='ltr'><strong>fert</strong></span> <span class='ocrx_word' id='word_1_61' title='bbox 1074 904 1277 946; x_wconf 90' lang='lat' dir='ltr'><strong>manibus</strong></span> <span class='ocrx_word' id='word_1_62' title='bbox 1291 905 1458 948; x_wconf 91' lang='lat' dir='ltr'><strong>urbem.</strong></span> 
     </span>
     <span class='ocr_line' id='line_1_12' title="bbox 215 968 1461 1026; baseline 0.005 -16"><span class='ocrx_word' id='word_1_63' title='bbox 215 968 459 1021; x_wconf 76' lang='lat' dir='ltr'><strong>Quaerenti,</strong></span> <span class='ocrx_word' id='word_1_64' title='bbox 478 983 578 1026; x_wconf 80' lang='lat' dir='ltr'><strong>quae</strong></span> <span class='ocrx_word' id='word_1_65' title='bbox 599 982 755 1020; x_wconf 86' lang='lat' dir='ltr'><strong>causa,</strong></span> <span class='ocrx_word' id='word_1_66' title='bbox 776 969 906 1023; x_wconf 80' lang='lat' dir='ltr'><strong>duci3</strong></span> <span class='ocrx_word' id='word_1_67' title='bbox 937 970 1039 1025; x_wconf 92' lang='lat' dir='ltr'><strong>quis</strong></span> <span class='ocrx_word' id='word_1_68' title='bbox 1060 971 1118 1013; x_wconf 87' lang='lat' dir='ltr'><strong>ab</strong></span> <span class='ocrx_word' id='word_1_69' title='bbox 1139 971 1304 1015; x_wconf 86' lang='lat' dir='ltr'><strong>aethere</strong></span> <span class='ocrx_word' id='word_1_70' title='bbox 1321 972 1461 1016; x_wconf 82' lang='lat' dir='ltr'><strong>laevus</strong></span> 
     </span>
     <span class='ocr_line' id='line_1_13' title="bbox 213 1035 1241 1093; baseline 0.004 -15"><span class='ocrx_word' id='word_1_71' title='bbox 213 1035 355 1091; x_wconf 88' lang='lat' dir='ltr'><strong>Ignis,</strong></span> <span class='ocrx_word' id='word_1_72' title='bbox 375 1042 422 1080; x_wconf 90' lang='lat' dir='ltr'><strong>et</strong></span> <span class='ocrx_word' id='word_1_73' title='bbox 440 1038 487 1080; x_wconf 91' lang='lat' dir='ltr'><strong>in</strong></span> <span class='ocrx_word' id='word_1_74' title='bbox 506 1042 652 1082; x_wconf 90' lang='lat' dir='ltr'><strong>totum</strong></span> <span class='ocrx_word' id='word_1_75' title='bbox 669 1043 868 1092; x_wconf 84' lang='lat' dir='ltr'><strong>regnaret</strong></span> <span class='ocrx_word' id='word_1_76' title='bbox 888 1039 1032 1082; x_wconf 88' lang='lat' dir='ltr'><strong>Sirius</strong></span> <span class='ocrx_word' id='word_1_77' title='bbox 1052 1051 1241 1093; x_wconf 85' lang='lat' dir='ltr'><strong>annum;</strong></span> 
     </span>
    </p>
   </div>
   <div class='ocr_carea' id='block_1_3' title="bbox 714 194 1181 230">
    <p class='ocr_par' dir='ltr' id='par_1_7' title="bbox 714 194 1181 230">
     <span class='ocr_line' id='line_1_14' title="bbox 714 194 1181 230; baseline 0.011 -5"><span class='ocrx_word' id='word_1_78' title='bbox 714 195 755 226; x_wconf 82' lang='grc' dir='ltr'><strong>Ρ.</strong></span> <span class='ocrx_word' id='word_1_79' title='bbox 787 194 980 228; x_wconf 80' lang='grc' dir='ltr'><strong>ΡΑΡΙΝΙΙ</strong></span> <span class='ocrx_word' id='word_1_80' title='bbox 1014 196 1181 230; x_wconf 75' lang='grc' dir='ltr'>8ΤΑΊῚΙ</span> 
     </span>
    </p>
   </div>
   <div class='ocr_carea' id='block_1_4' title="bbox 1591 360 1696 430">
    <p class='ocr_par' dir='ltr' id='par_1_8' title="bbox 1591 360 1696 430">
     <span class='ocr_line' id='line_1_15' title="bbox 1591 360 1696 430; baseline 0.01 -27"><span class='ocrx_word' id='word_1_81' title='bbox 1591 360 1696 430; x_wconf 22' lang='lat'>625·</span> 
     </span>
    </p>
   </div>
   <div class='ocr_carea' id='block_1_5' title="bbox 1585 1041 1672 1084">
    <p class='ocr_par' dir='ltr' id='par_1_9' title="bbox 1585 1041 1672 1084">
     <span class='ocr_line' id='line_1_16' title="bbox 1585 1041 1672 1084; baseline 0 0"><span class='ocrx_word' id='word_1_82' title='bbox 1585 1041 1672 1084; x_wconf 75' lang='lat'><strong>6:35</strong></span> 
     </span>
    </p>
   </div>
   <div class='ocr_carea' id='block_1_6' title="bbox 207 1160 1673 1463">
    <p class='ocr_par' dir='ltr' id='par_1_10' title="bbox 207 1160 1673 1463">
     <span class='ocr_line' id='line_1_17' title="bbox 209 1160 1673 1203; baseline 0.001 -10"><span class='ocrx_word' id='word_1_83' title='bbox 209 1161 321 1202; x_wconf 75' lang='lat' dir='ltr'><strong>plausu</strong></span> <span class='ocrx_word' id='word_1_84' title='bbox 334 1161 467 1200; x_wconf 71' lang='lat' dir='ltr'><strong>aher-um,</strong></span> <span class='ocrx_word' id='word_1_85' title='bbox 481 1160 624 1203; x_wconf 80' lang='lat' dir='ltr'><strong>impostoe</strong></span> <span class='ocrx_word' id='word_1_86' title='bbox 646 1161 784 1199; x_wconf 76' lang='lat' dir='ltr'><strong>vitastis,</strong></span> <span class='ocrx_word' id='word_1_87' title='bbox 799 1164 832 1193; x_wconf 81' lang='lat' dir='ltr'><strong>et</strong></span> <span class='ocrx_word' id='word_1_88' title='bbox 846 1162 977 1195; x_wconf 75' lang='lat' dir='ltr'><strong>tradunt</strong></span> <span class='ocrx_word' id='word_1_89' title='bbox 991 1162 1158 1202; x_wconf 80' lang='lat' dir='ltr'><strong>famelicos</strong></span> <span class='ocrx_word' id='word_1_90' title='bbox 1172 1172 1276 1201; x_wconf 77' lang='lat' dir='ltr'><strong>canes,</strong></span> <span class='ocrx_word' id='word_1_91' title='bbox 1288 1165 1321 1196; x_wconf 77' lang='lat' dir='ltr'><strong>et</strong></span> <span class='ocrx_word' id='word_1_92' title='bbox 1339 1161 1467 1203; x_wconf 69' lang='lat' dir='ltr'><strong>,ieiunus</strong></span> <span class='ocrx_word' id='word_1_93' title='bbox 1481 1161 1594 1203; x_wconf 70' lang='lat' dir='ltr'><strong>funum</strong></span> <span class='ocrx_word' id='word_1_94' title='bbox 1607 1163 1673 1196; x_wconf 67' lang='lat' dir='ltr'><strong>ire-</strong></span> 
     </span>
     <span class='ocr_line' id='line_1_18' title="bbox 210 1204 1672 1247; baseline 0.002 -11"><span class='ocrx_word' id='word_1_95' title='bbox 210 1205 362 1236; x_wconf 79' lang='lat' dir='ltr'><strong>mentium</strong></span> <span class='ocrx_word' id='word_1_96' title='bbox 376 1206 518 1246; x_wconf 83' lang='lat' dir='ltr'><strong>luporum</strong></span> <span class='ocrx_word' id='word_1_97' title='bbox 540 1214 576 1237; x_wconf 82' lang='lat' dir='ltr'><strong>ea</strong></span> <span class='ocrx_word' id='word_1_98' title='bbox 597 1204 794 1237; x_wconf 66' lang='lat' dir='ltr'><strong>abstinuisse.</strong></span> <span class='ocrx_word' id='word_1_99' title='bbox 838 1204 950 1247; x_wconf 79' lang='lat' dir='ltr'><strong>Apollo</strong></span> <span class='ocrx_word' id='word_1_100' title='bbox 963 1205 1118 1238; x_wconf 72' lang='lat' dir='ltr'><strong>crudelius</strong></span> <span class='ocrx_word' id='word_1_101' title='bbox 1132 1206 1281 1238; x_wconf 75' lang='lat' dir='ltr'><strong>irascitur</strong></span> <span class='ocrx_word' id='word_1_102' title='bbox 1303 1205 1479 1246; x_wconf 68' lang='lat' dir='ltr'><strong>infelicibus</strong></span> <span class='ocrx_word' id='word_1_103' title='bbox 1492 1206 1530 1238; x_wconf 81' lang='lat' dir='ltr'><strong>ob</strong></span> <span class='ocrx_word' id='word_1_104' title='bbox 1541 1210 1672 1239; x_wconf 80' lang='lat' dir='ltr'><strong>mortem</strong></span> 
     </span>
     <span class='ocr_line' id='line_1_19' title="bbox 210 1247 1672 1290; baseline 0.002 -12"><span class='ocrx_word' id='word_1_105' title='bbox 210 1247 359 1279; x_wconf 67' lang='lat' dir='ltr'><strong>euinctoe</strong></span> <span class='ocrx_word' id='word_1_106' title='bbox 372 1247 518 1289; x_wconf 75' lang='lat' dir='ltr'><strong>vindicis,</strong></span> <span class='ocrx_word' id='word_1_107' title='bbox 532 1251 565 1280; x_wconf 83' lang='lat' dir='ltr'><strong>et</strong></span> <span class='ocrx_word' id='word_1_108' title='bbox 577 1247 717 1281; x_wconf 75' lang='lat' dir='ltr'><strong>insidens</strong></span> <span class='ocrx_word' id='word_1_109' title='bbox 729 1249 933 1289; x_wconf 71' lang='lat' dir='ltr'><strong>summojugo</strong></span> <span class='ocrx_word' id='word_1_110' title='bbox 948 1249 1087 1290; x_wconf 71' lang='lat' dir='ltr'><strong>bicipitis</strong></span> <span class='ocrx_word' id='word_1_111' title='bbox 1101 1249 1267 1290; x_wconf 79' lang='lat' dir='ltr'><strong>Parnassi,</strong></span> <span class='ocrx_word' id='word_1_112' title='bbox 1277 1249 1542 1289; x_wconf 76' lang='lat' dir='ltr'><strong>soevusjaculatur</strong></span> <span class='ocrx_word' id='word_1_113' title='bbox 1555 1249 1672 1289; x_wconf 66' lang='lat' dir='ltr'><strong>injusto</strong></span> 
     </span>
     <span class='ocr_line' id='line_1_20' title="bbox 209 1291 1671 1343; baseline 0.002 -22"><span class='ocrx_word' id='word_1_114' title='bbox 209 1298 285 1322; x_wconf 77' lang='lat' dir='ltr'><strong>orcu</strong></span> <span class='ocrx_word' id='word_1_115' title='bbox 299 1291 364 1322; x_wconf 78' lang='lat' dir='ltr'><strong>telo</strong></span> <span class='ocrx_word' id='word_1_116' title='bbox 374 1291 537 1334; x_wconf 70' lang='lat' dir='ltr'><strong>pestifera,</strong></span> <span class='ocrx_word' id='word_1_117' title='bbox 551 1294 583 1323; x_wconf 84' lang='lat' dir='ltr'><strong>et</strong></span> <span class='ocrx_word' id='word_1_118' title='bbox 607 1294 707 1324; x_wconf 73' lang='lat' dir='ltr'><strong>torret</strong></span> <span class='ocrx_word' id='word_1_119' title='bbox 730 1301 838 1333; x_wconf 77' lang='lat' dir='ltr'><strong>agros,</strong></span> <span class='ocrx_word' id='word_1_120' title='bbox 856 1301 893 1323; x_wconf 83' lang='lat' dir='ltr'><strong>uc</strong></span> <span class='ocrx_word' id='word_1_121' title='bbox 918 1293 985 1324; x_wconf 79' lang='lat' dir='ltr'><strong>alta</strong></span> <span class='ocrx_word' id='word_1_122' title='bbox 1008 1292 1176 1343; x_wconf 80' lang='lat' dir='ltr'><strong>Cyclopum</strong></span> <span class='ocrx_word' id='word_1_123' title='bbox 1195 1292 1343 1332; x_wconf 76' lang='lat' dir='ltr'><strong>culmina,</strong></span> <span class='ocrx_word' id='word_1_124' title='bbox 1359 1291 1588 1334; x_wconf 79' lang='lat' dir='ltr'><strong>super-immisso</strong></span> <span class='ocrx_word' id='word_1_125' title='bbox 1601 1294 1671 1325; x_wconf 78' lang='lat' dir='ltr'><strong>velo</strong></span> 
     </span>
     <span class='ocr_line' id='line_1_21' title="bbox 207 1301 1672 1376; baseline 0.002 -12"><span class='ocrx_word' id='word_1_126' title='bbox 207 1301 413 1365; x_wconf 57' lang='lat' dir='ltr'><strong>achalm-mul,-e</strong></span> <span class='ocrx_word' id='word_1_127' title='bbox 442 1335 593 1375; x_wconf 67' lang='lat' dir='ltr'><strong>Migraret</strong></span> <span class='ocrx_word' id='word_1_128' title='bbox 617 1344 701 1367; x_wconf 69' lang='lat' dir='ltr'><strong>carae</strong></span> <span class='ocrx_word' id='word_1_129' title='bbox 722 1335 857 1366; x_wconf 78' lang='lat' dir='ltr'><strong>unimoe:</strong></span> <span class='ocrx_word' id='word_1_130' title='bbox 878 1344 963 1367; x_wconf 83' lang='lat' dir='ltr'><strong>mors</strong></span> <span class='ocrx_word' id='word_1_131' title='bbox 985 1339 1069 1367; x_wconf 74' lang='lat' dir='ltr'><strong>secat</strong></span> <span class='ocrx_word' id='word_1_132' title='bbox 1081 1334 1189 1375; x_wconf 80' lang='lat' dir='ltr'><strong>gladio</strong></span> <span class='ocrx_word' id='word_1_133' title='bbox 1203 1344 1346 1367; x_wconf 75' lang='lat' dir='ltr'><strong>sororum</strong></span> <span class='ocrx_word' id='word_1_134' title='bbox 1358 1337 1506 1376; x_wconf 62' lang='lat' dir='ltr'><strong>damno,</strong></span> <span class='ocrx_word' id='word_1_135' title='bbox 1519 1339 1552 1367; x_wconf 79' lang='lat' dir='ltr'><strong>et</strong></span> <span class='ocrx_word' id='word_1_136' title='bbox 1564 1338 1672 1368; x_wconf 72' lang='lat' dir='ltr'><strong>teneus</strong></span> 
     </span>
     <span class='ocr_line' id='line_1_22' title="bbox 207 1376 1671 1420; baseline 0.001 -13"><span class='ocrx_word' id='word_1_137' title='bbox 207 1380 421 1417; x_wconf 73' lang='lat' dir='ltr'><strong>expugnatam</strong></span> <span class='ocrx_word' id='word_1_138' title='bbox 445 1378 564 1418; x_wconf 82' lang='lat' dir='ltr'><strong>urbem,</strong></span> <span class='ocrx_word' id='word_1_139' title='bbox 581 1377 663 1409; x_wconf 84' lang='lat' dir='ltr'><strong>Orco</strong></span> <span class='ocrx_word' id='word_1_140' title='bbox 685 1387 752 1409; x_wconf 80' lang='lat' dir='ltr'><strong>eam</strong></span> <span class='ocrx_word' id='word_1_141' title='bbox 774 1376 925 1410; x_wconf 73' lang='lat' dir='ltr'><strong>demittit.</strong></span> <span class='ocrx_word' id='word_1_142' title='bbox 971 1377 1056 1418; x_wconf 65' lang='lat' dir='ltr'><strong>Regi</strong></span> <span class='ocrx_word' id='word_1_143' title='bbox 1080 1378 1263 1418; x_wconf 77' lang='lat' dir='ltr'><strong>consulenti,</strong></span> <span class='ocrx_word' id='word_1_144' title='bbox 1285 1387 1357 1419; x_wconf 72' lang='lat' dir='ltr'><em>‘1¹¹ae</em></span> <span class='ocrx_word' id='word_1_145' title='bbox 1372 1387 1476 1417; x_wconf 77' lang='lat' dir='ltr'><strong>causo,</strong></span> <span class='ocrx_word' id='word_1_146' title='bbox 1490 1379 1560 1420; x_wconf 78' lang='lat' dir='ltr'><strong>quis</strong></span> <span class='ocrx_word' id='word_1_147' title='bbox 1577 1380 1671 1411; x_wconf 73' lang='lat' dir='ltr'><strong>ardor</strong></span> 
     </span>
     <span class='ocr_line' id='line_1_23' title="bbox 208 1419 1671 1463; baseline 0.001 -11"><span class='ocrx_word' id='word_1_148' title='bbox 208 1419 365 1460; x_wconf 74' lang='lat' dir='ltr'><strong>malignus</strong></span> <span class='ocrx_word' id='word_1_149' title='bbox 389 1420 428 1452; x_wconf 84' lang='lat' dir='ltr'><strong>ab</strong></span> <span class='ocrx_word' id='word_1_150' title='bbox 451 1420 534 1462; x_wconf 62' lang='lat' dir='ltr'><strong>aere,</strong></span> <span class='ocrx_word' id='word_1_151' title='bbox 556 1424 587 1453; x_wconf 86' lang='lat' dir='ltr'><strong>et</strong></span> <span class='ocrx_word' id='word_1_152' title='bbox 609 1430 664 1453; x_wconf 82' lang='lat' dir='ltr'><strong>cur</strong></span> <span class='ocrx_word' id='word_1_153' title='bbox 682 1421 824 1453; x_wconf 82' lang='lat' dir='ltr'><strong>cunicula</strong></span> <span class='ocrx_word' id='word_1_154' title='bbox 845 1420 1059 1453; x_wconf 76' lang='lat' dir='ltr'><strong>dominaretur</strong></span> <span class='ocrx_word' id='word_1_155' title='bbox 1079 1430 1135 1463; x_wconf 83' lang='lat' dir='ltr'><strong>per</strong></span> <span class='ocrx_word' id='word_1_156' title='bbox 1155 1424 1255 1453; x_wconf 74' lang='lat' dir='ltr'><strong>totum</strong></span> <span class='ocrx_word' id='word_1_157' title='bbox 1278 1430 1417 1460; x_wconf 73' lang='lat' dir='ltr'><strong>unnum5</strong></span> <span class='ocrx_word' id='word_1_158' title='bbox 1437 1422 1520 1454; x_wconf 78' lang='lat' dir='ltr'><strong>idem</strong></span> <span class='ocrx_word' id='word_1_159' title='bbox 1535 1422 1671 1454; x_wconf 74' lang='lat' dir='ltr'><strong>Phoelm</strong></span> 
     </span>
    </p>
   </div>
   <div class='ocr_carea' id='block_1_7' title="bbox 209 1558 1671 1603">
    <p class='ocr_par' dir='ltr' id='par_1_11' title="bbox 209 1558 1671 1603">
     <span class='ocr_line' id='line_1_24' title="bbox 209 1558 1671 1603; baseline 0.001 -12"><span class='ocrx_word' id='word_1_160' title='bbox 209 1559 346 1600; x_wconf 84' lang='lat' dir='ltr'><strong>manni;</strong></span> <span class='ocrx_word' id='word_1_161' title='bbox 366 1559 456 1593; x_wconf 87' lang='lat' dir='ltr'><strong>unde</strong></span> <span class='ocrx_word' id='word_1_162' title='bbox 472 1559 530 1593; x_wconf 82' lang='lat' dir='ltr'><strong>ille</strong></span> <span class='ocrx_word' id='word_1_163' title='bbox 545 1558 789 1603; x_wconf 80' lang='lat' dir='ltr'><strong>conjectabat;</strong></span> <span class='ocrx_word' id='word_1_164' title='bbox 810 1559 934 1601; x_wconf 80' lang='lat' dir='ltr'><strong>explere</strong></span> <span class='ocrx_word' id='word_1_165' title='bbox 946 1559 1207 1601; x_wconf 59' lang='lat' dir='ltr'><strong>voluptas-6³5</strong></span> <span class='ocrx_word' id='word_1_166' title='bbox 1230 1558 1324 1601; x_wconf 79' lang='lat' dir='ltr'><strong>Ignis</strong></span> <span class='ocrx_word' id='word_1_167' title='bbox 1333 1570 1376 1593; x_wconf 78' lang='lat' dir='ltr'><strong>an</strong></span> <span class='ocrx_word' id='word_1_168' title='bbox 1387 1559 1421 1592; x_wconf 77' lang='lat' dir='ltr'><strong>in</strong></span> <span class='ocrx_word' id='word_1_169' title='bbox 1435 1563 1535 1592; x_wconf 78' lang='lat' dir='ltr'><strong>totum</strong></span> <span class='ocrx_word' id='word_1_170' title='bbox 1545 1559 1671 1594; x_wconf 65' lang='lat' dir='ltr'><strong>Bellor-</strong></span> 
     </span>
    </p>
   </div>
   <div class='ocr_carea' id='block_1_8' title="bbox 863 1634 1006 1668">
    <p class='ocr_par' dir='ltr' id='par_1_12' title="bbox 863 1634 1006 1668">
     <span class='ocr_line' id='line_1_25' title="bbox 863 1634 1006 1668; baseline 0 0"><span class='ocrx_word' id='word_1_171' title='bbox 863 1634 1006 1668; x_wconf 77' lang='lat' dir='ltr'>NOTAE</span> 
     </span>
    </p>
   </div>
   <div class='ocr_carea' id='block_1_9' title="bbox 200 1699 1672 2152">
    <p class='ocr_par' dir='ltr' id='par_1_13' title="bbox 200 1699 1672 2150">
     <span class='ocr_line' id='line_1_26' title="bbox 208 1699 1672 1744; baseline 0.001 -12"><span class='ocrx_word' id='word_1_172' title='bbox 208 1710 277 1743; x_wconf 83' lang='lat' dir='ltr'><strong>quo</strong></span> <span class='ocrx_word' id='word_1_173' title='bbox 301 1704 337 1733; x_wconf 78' lang='lat' dir='ltr'><strong>et</strong></span> <span class='ocrx_word' id='word_1_174' title='bbox 358 1700 423 1733; x_wconf 89' lang='lat' dir='ltr'><strong>‘de</strong></span> <span class='ocrx_word' id='word_1_175' title='bbox 438 1700 449 1716; x_wconf 90' lang='lat'>’</span> <span class='ocrx_word' id='word_1_176' title='bbox 472 1702 719 1744; x_wconf 84' lang='lat' dir='ltr'><strong>praepositione</strong></span> <span class='ocrx_word' id='word_1_177' title='bbox 735 1701 912 1743; x_wconf 88' lang='lat' dir='ltr'><strong>componi·</strong></span> <span class='ocrx_word' id='word_1_178' title='bbox 1009 1703 1074 1734; x_wconf 79' lang='lat'><strong>630</strong></span> <span class='ocrx_word' id='word_1_179' title='bbox 1104 1700 1269 1742; x_wconf 61' lang='lat' dir='ltr'><strong>pestifera</strong></span> <span class='ocrx_word' id='word_1_180' title='bbox 1292 1711 1383 1735; x_wconf 70' lang='lat' dir='ltr'><strong>armo</strong></span> <span class='ocrx_word' id='word_1_181' title='bbox 1395 1699 1495 1744; x_wconf 70' lang='lat' dir='ltr'><strong>jacit]</strong></span> <span class='ocrx_word' id='word_1_182' title='bbox 1517 1702 1578 1735; x_wconf 82' lang='lat' dir='ltr'><strong>Ex.</strong></span> <span class='ocrx_word' id='word_1_183' title='bbox 1597 1701 1672 1735; x_wconf 86' lang='lat' dir='ltr'><strong>Ho-</strong></span> 
     </span>
     <span class='ocr_line' id='line_1_27' title="bbox 208 1750 1667 1794; baseline 0 -10"><span class='ocrx_word' id='word_1_184' title='bbox 208 1755 278 1784; x_wconf 85' lang='lat' dir='ltr'><strong>tur.</strong></span> <span class='ocrx_word' id='word_1_185' title='bbox 322 1751 452 1786; x_wconf 86' lang='lat' dir='ltr'><strong>Eadem</strong></span> <span class='ocrx_word' id='word_1_186' title='bbox 476 1762 563 1785; x_wconf 87' lang='lat' dir='ltr'><strong>voce</strong></span> <span class='ocrx_word' id='word_1_187' title='bbox 584 1763 664 1785; x_wconf 84' lang='lat' dir='ltr'><strong>usus</strong></span> <span class='ocrx_word' id='word_1_188' title='bbox 690 1752 823 1785; x_wconf 85' lang='lat' dir='ltr'><strong>Plinius</strong></span> <span class='ocrx_word' id='word_1_189' title='bbox 849 1751 910 1785; x_wconf 88' lang='lat' dir='ltr'><strong>lib.</strong></span> <span class='ocrx_word' id='word_1_190' title='bbox 965 1761 1061 1784; x_wconf 78' lang='lat' dir='ltr'><strong>mero</strong></span> <span class='ocrx_word' id='word_1_191' title='bbox 1075 1750 1178 1784; x_wconf 75' lang='lat' dir='ltr'><strong>Iliad.</strong></span> <span class='ocrx_word' id='word_1_192' title='bbox 1191 1755 1230 1784; x_wconf 85' lang='grc' dir='ltr'><strong>Α.</strong></span> <span class='ocrx_word' id='word_1_193' title='bbox 1259 1751 1381 1793; x_wconf 56' lang='lat' dir='ltr'><strong>pero&amp;</strong></span> <span class='ocrx_word' id='word_1_194' title='bbox 1395 1750 1442 1783; x_wconf 60' lang='lat' dir='ltr'><strong>itu</strong></span> <span class='ocrx_word' id='word_1_195' title='bbox 1457 1751 1544 1792; x_wconf 78' lang='grc' dir='ltr'>ἕηκε,</span> <span class='ocrx_word' id='word_1_196' title='bbox 1563 1753 1667 1794; x_wconf 71' lang='lat' dir='ltr'><strong>sagit-</strong></span> 
     </span>
     <span class='ocr_line' id='line_1_28' title="bbox 208 1802 1663 1847; baseline 0.001 -12"><span class='ocrx_word' id='word_1_197' title='bbox 208 1807 278 1836; x_wconf 69' lang='lat' dir='ltr'><strong>vn.</strong></span> <span class='ocrx_word' id='word_1_198' title='bbox 292 1811 371 1844; x_wconf 78' lang='lat' dir='ltr'><strong>cap.</strong></span> <span class='ocrx_word' id='word_1_199' title='bbox 386 1805 440 1835; x_wconf 88' lang='grc'><strong>10.</strong></span> <span class='ocrx_word' id='word_1_200' title='bbox 485 1803 496 1821; x_wconf 91' lang='lat'>‘</span> <span class='ocrx_word' id='word_1_201' title='bbox 507 1802 579 1836; x_wconf 88' lang='lat' dir='ltr'><strong>Alii</strong></span> <span class='ocrx_word' id='word_1_202' title='bbox 593 1804 627 1835; x_wconf 86' lang='lat' dir='ltr'><strong>in</strong></span> <span class='ocrx_word' id='word_1_203' title='bbox 642 1804 746 1847; x_wconf 79' lang='lat' dir='ltr'><strong>qualo</strong></span> <span class='ocrx_word' id='word_1_204' title='bbox 767 1803 910 1845; x_wconf 84' lang='lat' dir='ltr'><strong>pedibus</strong></span> <span class='ocrx_word' id='word_1_205' title='bbox 964 1806 1031 1835; x_wconf 80' lang='lat' dir='ltr'><strong>lam</strong></span> <span class='ocrx_word' id='word_1_206' title='bbox 1043 1806 1148 1835; x_wconf 58' lang='lat' dir='ltr'><strong>auum</strong></span> <span class='ocrx_word' id='word_1_207' title='bbox 1161 1802 1262 1835; x_wconf 76' lang='lat' dir='ltr'><strong>emisi.</strong></span> <span class='ocrx_word' id='word_1_208' title='bbox 1286 1803 1377 1835; x_wconf 87' lang='lat' dir='ltr'><strong>Vide</strong></span> <span class='ocrx_word' id='word_1_209' title='bbox 1391 1803 1663 1845; x_wconf 76' lang='lat' dir='ltr'><strong>descriptionem</strong></span> 
     </span>
     <span class='ocr_line' id='line_1_29' title="bbox 206 1851 1668 1897; baseline 0.001 -12"><span class='ocrx_word' id='word_1_210' title='bbox 206 1853 243 1886; x_wconf 87' lang='lat' dir='ltr'><strong>in</strong></span> <span class='ocrx_word' id='word_1_211' title='bbox 274 1851 467 1895; x_wconf 86' lang='lat' dir='ltr'><strong>profluente</strong></span> <span class='ocrx_word' id='word_1_212' title='bbox 501 1853 706 1887; x_wconf 69' lang='lat' dir='ltr'><strong>deculcant:</strong></span> <span class='ocrx_word' id='word_1_213' title='bbox 750 1853 913 1897; x_wconf 78' lang='lat' dir='ltr'><strong>Potestas]</strong></span> <span class='ocrx_word' id='word_1_214' title='bbox 965 1853 1072 1896; x_wconf 85' lang='lat' dir='ltr'><strong>pestis</strong></span> <span class='ocrx_word' id='word_1_215' title='bbox 1085 1852 1177 1894; x_wconf 82' lang='lat' dir='ltr'><strong>apud</strong></span> <span class='ocrx_word' id='word_1_216' title='bbox 1187 1851 1432 1895; x_wconf 83' lang='lat' dir='ltr'><strong>Thucydidem.</strong></span> <span class='ocrx_word' id='word_1_217' title='bbox 1465 1853 1615 1886; x_wconf 81' lang='lat' dir='ltr'><strong>Consule</strong></span> <span class='ocrx_word' id='word_1_218' title='bbox 1631 1859 1668 1887; x_wconf 75' lang='lat' dir='ltr'><strong>et</strong></span> 
     </span>
     <span class='ocr_line' id='line_1_30' title="bbox 206 1902 1668 1947; baseline 0.001 -12"><span class='ocrx_word' id='word_1_219' title='bbox 206 1902 310 1936; x_wconf 87' lang='lat' dir='ltr'><strong>Adde</strong></span> <span class='ocrx_word' id='word_1_220' title='bbox 323 1903 501 1937; x_wconf 77' lang='lat' dir='ltr'><strong>saeviendi.</strong></span> <span class='ocrx_word' id='word_1_221' title='bbox 965 1904 1183 1938; x_wconf 78' lang='lat' dir='ltr'><strong>Ammiauum</strong></span> <span class='ocrx_word' id='word_1_222' title='bbox 1214 1905 1457 1938; x_wconf 78' lang='lat' dir='ltr'><strong>Marcellinum</strong></span> <span class='ocrx_word' id='word_1_223' title='bbox 1496 1915 1573 1947; x_wconf 82' lang='lat' dir='ltr'><strong>cap.</strong></span> <span class='ocrx_word' id='word_1_224' title='bbox 1615 1908 1668 1938; x_wconf 83' lang='lat'><strong>19.</strong></span> 
     </span>
     <span class='ocr_line' id='line_1_31' title="bbox 248 1954 1667 1998; baseline 0.002 -13"><span class='ocrx_word' id='word_1_225' title='bbox 248 1956 314 1986; x_wconf 76' lang='lat'><strong>625</strong></span> <span class='ocrx_word' id='word_1_226' title='bbox 348 1954 513 1997; x_wconf 77' lang='lat' dir='ltr'><strong>Impasiae]</strong></span> <span class='ocrx_word' id='word_1_227' title='bbox 546 1954 603 1987; x_wconf 92' lang='lat' dir='ltr'><strong>Ob</strong></span> <span class='ocrx_word' id='word_1_228' title='bbox 631 1955 823 1989; x_wconf 84' lang='lat' dir='ltr'><strong>foeditatem</strong></span> <span class='ocrx_word' id='word_1_229' title='bbox 849 1956 909 1988; x_wconf 84' lang='lat' dir='ltr'><strong>hu·</strong></span> <span class='ocrx_word' id='word_1_230' title='bbox 961 1957 1214 1998; x_wconf 83' lang='lat' dir='ltr'><strong>Hippocratem</strong></span> <span class='ocrx_word' id='word_1_231' title='bbox 1230 1956 1274 1988; x_wconf 91' lang='lat' dir='ltr'><strong>de</strong></span> <span class='ocrx_word' id='word_1_232' title='bbox 1289 1960 1402 1998; x_wconf 73' lang='lat' dir='ltr'><strong>peste.</strong></span> <span class='ocrx_word' id='word_1_233' title='bbox 1445 1957 1490 1988; x_wconf 77' lang='lat' dir='ltr'><strong>Ee</strong></span> <span class='ocrx_word' id='word_1_234' title='bbox 1505 1957 1586 1989; x_wconf 77' lang='lat' dir='ltr'><strong>celso</strong></span> <span class='ocrx_word' id='word_1_235' title='bbox 1602 1957 1667 1998; x_wconf 75' lang='lat' dir='ltr'><strong>Cy-</strong></span> 
     </span>
     <span class='ocr_line' id='line_1_32' title="bbox 200 2004 1668 2049; baseline 0.001 -13"><span class='ocrx_word' id='word_1_236' title='bbox 200 2004 304 2046; x_wconf 87' lang='lat' dir='ltr'><strong>jusce</strong></span> <span class='ocrx_word' id='word_1_237' title='bbox 320 2006 475 2038; x_wconf 86' lang='lat' dir='ltr'><strong>monstri.</strong></span> <span class='ocrx_word' id='word_1_238' title='bbox 523 2007 645 2038; x_wconf 80' lang='lat' dir='ltr'><strong>Canum</strong></span> <span class='ocrx_word' id='word_1_239' title='bbox 663 2007 742 2049; x_wconf 83' lang='lat' dir='ltr'><strong>vim]</strong></span> <span class='ocrx_word' id='word_1_240' title='bbox 766 2008 837 2039; x_wconf 90' lang='lat' dir='ltr'><strong>Pro</strong></span> <span class='ocrx_word' id='word_1_241' title='bbox 853 2017 910 2040; x_wconf 85' lang='lat' dir='ltr'><strong>ca·</strong></span> <span class='ocrx_word' id='word_1_242' title='bbox 961 2007 1081 2048; x_wconf 78' lang='lat' dir='ltr'><strong>clopum</strong></span> <span class='ocrx_word' id='word_1_243' title='bbox 1097 2005 1208 2048; x_wconf 81' lang='lat' dir='ltr'><strong>Tecta]</strong></span> <span class='ocrx_word' id='word_1_244' title='bbox 1223 2005 1345 2048; x_wconf 79' lang='lat' dir='ltr'><strong>Argos.</strong></span> <span class='ocrx_word' id='word_1_245' title='bbox 1387 2006 1478 2039; x_wconf 86' lang='lat' dir='ltr'><strong>Vide</strong></span> <span class='ocrx_word' id='word_1_246' title='bbox 1490 2016 1594 2048; x_wconf 86' lang='lat' dir='ltr'><strong>supra</strong></span> <span class='ocrx_word' id='word_1_247' title='bbox 1615 2016 1668 2039; x_wconf 90' lang='lat' dir='ltr'><strong>vs.</strong></span> 
     </span>
     <span class='ocr_line' id='line_1_33' title="bbox 206 2054 1042 2099; baseline 0.005 -13"><span class='ocrx_word' id='word_1_248' title='bbox 206 2054 318 2087; x_wconf 86' lang='lat' dir='ltr'><strong>nibus.</strong></span> <span class='ocrx_word' id='word_1_249' title='bbox 364 2055 410 2087; x_wconf 90' lang='lat' dir='ltr'><strong>Ut</strong></span> <span class='ocrx_word' id='word_1_250' title='bbox 425 2054 599 2088; x_wconf 80' lang='lat' dir='ltr'><strong>Herculea</strong></span> <span class='ocrx_word' id='word_1_251' title='bbox 611 2057 675 2099; x_wconf 85' lang='lat' dir='ltr'><strong>vis,</strong></span> <span class='ocrx_word' id='word_1_252' title='bbox 690 2057 724 2089; x_wconf 91' lang='lat' dir='ltr'><strong>id</strong></span> <span class='ocrx_word' id='word_1_253' title='bbox 739 2062 806 2098; x_wconf 86' lang='lat' dir='ltr'><strong>est,</strong></span> <span class='ocrx_word' id='word_1_254' title='bbox 819 2056 909 2090; x_wconf 88' lang='lat' dir='ltr'><strong>Her·</strong></span> <span class='ocrx_word' id='word_1_255' title='bbox 964 2061 1042 2091; x_wconf 85' lang='grc'><strong>151.</strong></span> 
     </span>
     <span class='ocr_line' id='line_1_34' title="bbox 205 2080 1666 2152; baseline -0.001 -12"><span class='ocrx_word' id='word_1_256' title='bbox 205 2108 314 2140; x_wconf 81' lang='lat' dir='ltr'><strong>cules.</strong></span> <span class='ocrx_word' id='word_1_257' title='bbox 1008 2111 1072 2141; x_wconf 74' lang='lat'><strong>631</strong></span> <span class='ocrx_word' id='word_1_258' title='bbox 1099 2107 1289 2152; x_wconf 76' lang='lat' dir='ltr'><strong>Nebularum</strong></span> <span class='ocrx_word' id='word_1_259' title='bbox 1302 2107 1436 2150; x_wconf 76' lang='lat' dir='ltr'><strong>amictu]</strong></span> <span class='ocrx_word' id='word_1_260' title='bbox 1457 2080 1589 2141; x_wconf 79' lang='lat' dir='ltr'><strong>Quibus</strong></span> <span class='ocrx_word' id='word_1_261' title='bbox 1601 2107 1666 2140; x_wconf 86' lang='lat' dir='ltr'><strong>sci-</strong></span> 
     </span>
    </p>
   </div>
   <div class='ocr_carea' id='block_1_10' title="bbox 249 2150 1665 2205">
    <p class='ocr_par' dir='ltr' id='par_1_14' title="bbox 249 2150 1665 2205">
     <span class='ocr_line' id='line_1_35' title="bbox 249 2150 1665 2205; baseline -0.002 -13"><span class='ocrx_word' id='word_1_262' title='bbox 249 2163 314 2192; x_wconf 82' lang='grc'><strong>626</strong></span> <span class='ocrx_word' id='word_1_263' title='bbox 337 2161 558 2204; x_wconf 78' lang='lat' dir='ltr'><strong>Trepidorum]</strong></span> <span class='ocrx_word' id='word_1_264' title='bbox 582 2161 638 2194; x_wconf 88' lang='lat' dir='ltr'><strong>Ad</strong></span> <span class='ocrx_word' id='word_1_265' title='bbox 661 2166 838 2205; x_wconf 78' lang='lat' dir='ltr'><strong>aspectum</strong></span> <span class='ocrx_word' id='word_1_266' title='bbox 849 2162 911 2194; x_wconf 87' lang='lat' dir='ltr'><strong>bu·</strong></span> <span class='ocrx_word' id='word_1_267' title='bbox 965 2159 1050 2192; x_wconf 86' lang='lat' dir='ltr'><strong>licet</strong></span> <span class='ocrx_word' id='word_1_268' title='bbox 1061 2169 1195 2191; x_wconf 83' lang='lat' dir='ltr'><strong>crassus</strong></span> <span class='ocrx_word' id='word_1_269' title='bbox 1208 2150 1327 2192; x_wconf 84' lang='lat' dir='ltr'><strong>evadit</strong></span> <span class='ocrx_word' id='word_1_270' title='bbox 1341 2158 1411 2198; x_wconf 76' lang='lat' dir='ltr'><strong>aer,</strong></span> <span class='ocrx_word' id='word_1_271' title='bbox 1420 2158 1564 2200; x_wconf 85' lang='lat' dir='ltr'><strong>ejusque</strong></span> <span class='ocrx_word' id='word_1_272' title='bbox 1579 2162 1665 2190; x_wconf 86' lang='lat' dir='ltr'><strong>tem-</strong></span> 
     </span>
    </p>
   </div>
   <div class='ocr_carea' id='block_1_11' title="bbox 200 2212 911 2810">
    <p class='ocr_par' dir='ltr' id='par_1_15' title="bbox 200 2212 911 2344">
     <span class='ocr_line' id='line_1_36' title="bbox 200 2212 911 2255; baseline 0.006 -14"><span class='ocrx_word' id='word_1_273' title='bbox 200 2212 259 2253; x_wconf 85' lang='lat' dir='ltr'><strong>jus</strong></span> <span class='ocrx_word' id='word_1_274' title='bbox 286 2212 440 2245; x_wconf 79' lang='lat' dir='ltr'><strong>monstri.</strong></span> <span class='ocrx_word' id='word_1_275' title='bbox 487 2212 646 2255; x_wconf 60' lang='lat' dir='ltr'><strong>Iuniam]</strong></span> <span class='ocrx_word' id='word_1_276' title='bbox 680 2212 814 2255; x_wconf 81' lang='lat' dir='ltr'><strong>Aperta</strong></span> <span class='ocrx_word' id='word_1_277' title='bbox 836 2213 911 2254; x_wconf 86' lang='lat' dir='ltr'><strong>qui·</strong></span> 
     </span>
     <span class='ocr_line' id='line_1_37' title="bbox 207 2260 911 2305; baseline 0.006 -14"><span class='ocrx_word' id='word_1_278' title='bbox 207 2260 285 2292; x_wconf 79' lang='lat' dir='ltr'><strong>dem</strong></span> <span class='ocrx_word' id='word_1_279' title='bbox 332 2261 500 2304; x_wconf 81' lang='lat' dir='ltr'><strong>habuisse,</strong></span> <span class='ocrx_word' id='word_1_280' title='bbox 541 2272 609 2295; x_wconf 88' lang='lat' dir='ltr'><strong>non</strong></span> <span class='ocrx_word' id='word_1_281' title='bbox 646 2272 729 2296; x_wconf 85' lang='lat' dir='ltr'><strong>vero</strong></span> <span class='ocrx_word' id='word_1_282' title='bbox 764 2262 911 2305; x_wconf 81' lang='lat' dir='ltr'><strong>depasta</strong></span> 
     </span>
     <span class='ocr_line' id='line_1_38' title="bbox 206 2311 322 2344; baseline 0.017 -2"><span class='ocrx_word' id='word_1_283' title='bbox 206 2311 322 2344; x_wconf 76' lang='lat' dir='ltr'><strong>fuisse.</strong></span> 
     </span>
    </p>

    <p class='ocr_par' dir='ltr' id='par_1_16' title="bbox 205 2363 910 2546">
     <span class='ocr_line' id='line_1_39' title="bbox 248 2363 910 2405; baseline 0.003 -11"><span class='ocrx_word' id='word_1_284' title='bbox 248 2365 313 2394; x_wconf 76' lang='lat'><strong>627</strong></span> <span class='ocrx_word' id='word_1_285' title='bbox 354 2363 503 2405; x_wconf 72' lang='lat' dir='ltr'><strong>Uitr-icis]</strong></span> <span class='ocrx_word' id='word_1_286' title='bbox 539 2363 784 2396; x_wconf 86' lang='lat' dir='ltr'><strong>Ulcisccbatur</strong></span> <span class='ocrx_word' id='word_1_287' title='bbox 819 2364 910 2396; x_wconf 88' lang='lat' dir='ltr'><strong>enim</strong></span> 
     </span>
     <span class='ocr_line' id='line_1_40' title="bbox 208 2412 910 2457; baseline 0.004 -13"><span class='ocrx_word' id='word_1_288' title='bbox 208 2413 363 2454; x_wconf 80' lang='lat' dir='ltr'><strong>injuriam</strong></span> <span class='ocrx_word' id='word_1_289' title='bbox 399 2423 461 2445; x_wconf 83' lang='lat' dir='ltr'><strong>seu</strong></span> <span class='ocrx_word' id='word_1_290' title='bbox 499 2412 678 2455; x_wconf 81' lang='lat' dir='ltr'><strong>offensam,</strong></span> <span class='ocrx_word' id='word_1_291' title='bbox 721 2424 820 2457; x_wconf 84' lang='lat' dir='ltr'><strong>quam</strong></span> <span class='ocrx_word' id='word_1_292' title='bbox 865 2424 910 2447; x_wconf 87' lang='lat' dir='ltr'><strong>ex</strong></span> 
     </span>
     <span class='ocr_line' id='line_1_41' title="bbox 206 2465 908 2508; baseline 0.003 -13"><span class='ocrx_word' id='word_1_293' title='bbox 206 2468 318 2495; x_wconf 89' lang='lat' dir='ltr'><strong>morte</strong></span> <span class='ocrx_word' id='word_1_294' title='bbox 345 2468 468 2496; x_wconf 61' lang='lat' dir='ltr'><strong>amatas</strong></span> <span class='ocrx_word' id='word_1_295' title='bbox 497 2465 673 2507; x_wconf 82' lang='lat' dir='ltr'><strong>recepisse</strong></span> <span class='ocrx_word' id='word_1_296' title='bbox 707 2475 728 2497; x_wconf 79' lang='lat' dir='ltr'><strong>a</strong></span> <span class='ocrx_word' id='word_1_297' title='bbox 755 2465 908 2508; x_wconf 89' lang='lat' dir='ltr'><strong>Crotopo</strong></span> 
     </span>
     <span class='ocr_line' id='line_1_42' title="bbox 205 2513 384 2546; baseline 0 0"><span class='ocrx_word' id='word_1_298' title='bbox 205 2513 384 2546; x_wconf 78' lang='lat' dir='ltr'><strong>credebat.</strong></span> 
     </span>
    </p>

    <p class='ocr_par' dir='ltr' id='par_1_17' title="bbox 206 2564 909 2707">
     <span class='ocr_line' id='line_1_43' title="bbox 248 2564 909 2607; baseline 0.003 -11"><span class='ocrx_word' id='word_1_299' title='bbox 248 2566 313 2596; x_wconf 83' lang='grc'><strong>628</strong></span> <span class='ocrx_word' id='word_1_300' title='bbox 335 2564 466 2606; x_wconf 86' lang='lat' dir='ltr'><strong>Delius]</strong></span> <span class='ocrx_word' id='word_1_301' title='bbox 487 2564 628 2607; x_wconf 85' lang='lat' dir='ltr'><strong>Apollo,</strong></span> <span class='ocrx_word' id='word_1_302' title='bbox 649 2575 670 2598; x_wconf 78' lang='lat' dir='ltr'><strong>a</strong></span> <span class='ocrx_word' id='word_1_303' title='bbox 688 2566 781 2598; x_wconf 89' lang='lat' dir='ltr'><strong>Delo</strong></span> <span class='ocrx_word' id='word_1_304' title='bbox 797 2565 909 2598; x_wconf 86' lang='lat' dir='ltr'><strong>insula</strong></span> 
     </span>
     <span class='ocr_line' id='line_1_44' title="bbox 206 2614 907 2659; baseline 0.004 -14"><span class='ocrx_word' id='word_1_305' title='bbox 206 2614 240 2646; x_wconf 87' lang='lat' dir='ltr'><strong>in</strong></span> <span class='ocrx_word' id='word_1_306' title='bbox 256 2624 322 2656; x_wconf 81' lang='lat' dir='ltr'><strong>qua</strong></span> <span class='ocrx_word' id='word_1_307' title='bbox 344 2620 459 2648; x_wconf 79' lang='lat' dir='ltr'><strong>natus.</strong></span> <span class='ocrx_word' id='word_1_308' title='bbox 504 2616 694 2659; x_wconf 67' lang='lat' dir='ltr'><strong>Bismicis]</strong></span> <span class='ocrx_word' id='word_1_309' title='bbox 715 2617 807 2651; x_wconf 76' lang='lat' dir='ltr'><strong>Quia</strong></span> <span class='ocrx_word' id='word_1_310' title='bbox 822 2616 907 2648; x_wconf 83' lang='lat' dir='ltr'><strong>Par-</strong></span> 
     </span>
     <span class='ocr_line' id='line_1_45' title="bbox 206 2665 887 2707; baseline 0.006 -11"><span class='ocrx_word' id='word_1_311' title='bbox 206 2674 326 2697; x_wconf 83' lang='lat' dir='ltr'><strong>nassus</strong></span> <span class='ocrx_word' id='word_1_312' title='bbox 341 2674 437 2696; x_wconf 85' lang='lat' dir='ltr'><strong>mons</strong></span> <span class='ocrx_word' id='word_1_313' title='bbox 453 2665 581 2707; x_wconf 87' lang='lat' dir='ltr'><strong>duplex</strong></span> <span class='ocrx_word' id='word_1_314' title='bbox 593 2667 698 2700; x_wconf 82' lang='lat' dir='ltr'><strong>habet</strong></span> <span class='ocrx_word' id='word_1_315' title='bbox 708 2676 887 2700; x_wconf 83' lang='lat' dir='ltr'><strong>cacumen.</strong></span> 
     </span>
    </p>

    <p class='ocr_par' dir='ltr' id='par_1_18' title="bbox 204 2715 908 2810">
     <span class='ocr_line' id='line_1_46' title="bbox 248 2715 908 2757; baseline 0.008 -10"><span class='ocrx_word' id='word_1_316' title='bbox 248 2718 314 2748; x_wconf 84' lang='lat'><strong>629</strong></span> <span class='ocrx_word' id='word_1_317' title='bbox 353 2715 524 2757; x_wconf 78' lang='lat' dir='ltr'><strong>Parnassi]</strong></span> <span class='ocrx_word' id='word_1_318' title='bbox 569 2718 698 2752; x_wconf 86' lang='lat' dir='ltr'><strong>Montis</strong></span> <span class='ocrx_word' id='word_1_319' title='bbox 731 2718 908 2753; x_wconf 87' lang='lat' dir='ltr'><strong>Phocidis.</strong></span> 
     </span>
     <span class='ocr_line' id='line_1_47' title="bbox 204 2767 573 2810; baseline 0.003 -10"><span class='ocrx_word' id='word_1_320' title='bbox 204 2767 296 2800; x_wconf 83' lang='lat' dir='ltr'><strong>Vide</strong></span> <span class='ocrx_word' id='word_1_321' title='bbox 311 2777 417 2810; x_wconf 77' lang='lat' dir='ltr'><strong>supra</strong></span> <span class='ocrx_word' id='word_1_322' title='bbox 433 2777 481 2801; x_wconf 79' lang='lat' dir='ltr'><strong>vs,</strong></span> <span class='ocrx_word' id='word_1_323' title='bbox 499 2770 573 2802; x_wconf 83' lang='lat'><strong>118.</strong></span> 
     </span>
    </p>
   </div>
   <div class='ocr_carea' id='block_1_12' title="bbox 961 2210 1666 2806">
    <p class='ocr_par' dir='ltr' id='par_1_19' title="bbox 963 2210 1665 2302">
     <span class='ocr_line' id='line_1_48' title="bbox 965 2210 1665 2252; baseline -0.003 -10"><span class='ocrx_word' id='word_1_324' title='bbox 965 2210 1077 2252; x_wconf 83' lang='lat' dir='ltr'><strong>peries</strong></span> <span class='ocrx_word' id='word_1_325' title='bbox 1092 2213 1266 2242; x_wconf 84' lang='lat' dir='ltr'><strong>mutatur:</strong></span> <span class='ocrx_word' id='word_1_326' title='bbox 1282 2218 1359 2250; x_wconf 77' lang='lat' dir='ltr'><strong>quae</strong></span> <span class='ocrx_word' id='word_1_327' title='bbox 1374 2217 1443 2240; x_wconf 79' lang='lat' dir='ltr'><strong>una</strong></span> <span class='ocrx_word' id='word_1_328' title='bbox 1457 2212 1565 2241; x_wconf 86' lang='lat' dir='ltr'><strong>estex</strong></span> <span class='ocrx_word' id='word_1_329' title='bbox 1577 2218 1665 2251; x_wconf 65' lang='lat' dir='ltr'><strong>pra*-</strong></span> 
     </span>
     <span class='ocr_line' id='line_1_49' title="bbox 963 2259 1333 2302; baseline -0.008 -9"><span class='ocrx_word' id='word_1_330' title='bbox 963 2261 1074 2302; x_wconf 86' lang='lat' dir='ltr'><strong>cipnis</strong></span> <span class='ocrx_word' id='word_1_331' title='bbox 1091 2259 1198 2302; x_wconf 84' lang='lat' dir='ltr'><strong>pestis</strong></span> <span class='ocrx_word' id='word_1_332' title='bbox 1209 2259 1333 2291; x_wconf 79' lang='lat' dir='ltr'><strong>causis.</strong></span> 
     </span>
    </p>

    <p class='ocr_par' dir='ltr' id='par_1_20' title="bbox 961 2308 1666 2596">
     <span class='ocr_line' id='line_1_50' title="bbox 1005 2308 1666 2350; baseline -0.003 -6"><span class='ocrx_word' id='word_1_333' title='bbox 1005 2313 1072 2344; x_wconf 78' lang='lat'><strong>633</strong></span> <span class='ocrx_word' id='word_1_334' title='bbox 1108 2311 1192 2342; x_wconf 81' lang='lat' dir='ltr'><strong>Ense</strong></span> <span class='ocrx_word' id='word_1_335' title='bbox 1217 2308 1326 2350; x_wconf 70' lang='lat' dir='ltr'><strong>metit]</strong></span> <span class='ocrx_word' id='word_1_336' title='bbox 1352 2309 1466 2342; x_wconf 69' lang='lat' dir='ltr'><strong>Tanta</strong></span> <span class='ocrx_word' id='word_1_337' title='bbox 1489 2308 1666 2342; x_wconf 79' lang='lat' dir='ltr'><strong>festinatio</strong></span> 
     </span>
     <span class='ocr_line' id='line_1_51' title="bbox 965 2359 1666 2401; baseline -0.004 -7"><span class='ocrx_word' id='word_1_338' title='bbox 965 2366 1043 2394; x_wconf 83' lang='lat' dir='ltr'><strong>erat</strong></span> <span class='ocrx_word' id='word_1_339' title='bbox 1055 2361 1186 2397; x_wconf 79' lang='lat' dir='ltr'><strong>mortis,</strong></span> <span class='ocrx_word' id='word_1_340' title='bbox 1201 2364 1241 2391; x_wconf 87' lang='lat' dir='ltr'><strong>ut</strong></span> <span class='ocrx_word' id='word_1_341' title='bbox 1252 2368 1320 2392; x_wconf 87' lang='lat' dir='ltr'><strong>nou</strong></span> <span class='ocrx_word' id='word_1_342' title='bbox 1335 2359 1468 2401; x_wconf 79' lang='lat' dir='ltr'><strong>digitis,</strong></span> <span class='ocrx_word' id='word_1_343' title='bbox 1481 2359 1542 2392; x_wconf 89' lang='lat' dir='ltr'><strong>sed</strong></span> <span class='ocrx_word' id='word_1_344' title='bbox 1553 2359 1666 2401; x_wconf 69' lang='lat' dir='ltr'><strong>gladio</strong></span> 
     </span>
     <span class='ocr_line' id='line_1_52' title="bbox 963 2408 1664 2453; baseline -0.006 -9"><span class='ocrx_word' id='word_1_345' title='bbox 963 2412 1024 2444; x_wconf 81' lang='lat' dir='ltr'><strong>fila</strong></span> <span class='ocrx_word' id='word_1_346' title='bbox 1039 2415 1230 2453; x_wconf 84' lang='lat' dir='ltr'><strong>rumperet.</strong></span> <span class='ocrx_word' id='word_1_347' title='bbox 1275 2410 1355 2442; x_wconf 73' lang='lat' dir='ltr'><strong>Fert</strong></span> <span class='ocrx_word' id='word_1_348' title='bbox 1369 2408 1527 2449; x_wconf 77' lang='lat' dir='ltr'><strong>manibus]</strong></span> <span class='ocrx_word' id='word_1_349' title='bbox 1541 2409 1582 2441; x_wconf 91' lang='lat' dir='ltr'><strong>Id</strong></span> <span class='ocrx_word' id='word_1_350' title='bbox 1599 2413 1664 2450; x_wconf 79' lang='lat' dir='ltr'><strong>est,</strong></span> 
     </span>
     <span class='ocr_line' id='line_1_53' title="bbox 961 2458 1665 2504; baseline -0.006 -10"><span class='ocrx_word' id='word_1_351' title='bbox 961 2462 1083 2504; x_wconf 91' lang='lat' dir='ltr'><strong>diripit</strong></span> <span class='ocrx_word' id='word_1_352' title='bbox 1099 2460 1264 2493; x_wconf 88' lang='lat' dir='ltr'><strong>mortibus</strong></span> <span class='ocrx_word' id='word_1_353' title='bbox 1280 2459 1337 2491; x_wconf 82' lang='lat' dir='ltr'><strong>vel</strong></span> <span class='ocrx_word' id='word_1_354' title='bbox 1350 2459 1543 2500; x_wconf 78' lang='lat' dir='ltr'><strong>populatur.</strong></span> <span class='ocrx_word' id='word_1_355' title='bbox 1566 2458 1665 2491; x_wconf 65' lang='lat' dir='ltr'><strong>Gra*-</strong></span> 
     </span>
     <span class='ocr_line' id='line_1_54' title="bbox 961 2507 1663 2551; baseline -0.004 -7"><span class='ocrx_word' id='word_1_356' title='bbox 961 2514 993 2545; x_wconf 90' lang='lat' dir='ltr'><strong>ci</strong></span> <span class='ocrx_word' id='word_1_357' title='bbox 1009 2512 1132 2544; x_wconf 90' lang='lat' dir='ltr'><strong>dicunt</strong></span> <span class='ocrx_word' id='word_1_358' title='bbox 1147 2509 1236 2551; x_wconf 68' lang='grc' dir='ltr'><strong><em>ἄγειν</em></strong></span> <span class='ocrx_word' id='word_1_359' title='bbox 1247 2507 1426 2550; x_wconf 65' lang='grc' dir='ltr'>καὶφέρειν.</span> <span class='ocrx_word' id='word_1_360' title='bbox 1462 2508 1529 2539; x_wconf 87' lang='lat' dir='ltr'><strong>Vel</strong></span> <span class='ocrx_word' id='word_1_361' title='bbox 1546 2508 1579 2540; x_wconf 92' lang='lat' dir='ltr'><strong>in</strong></span> <span class='ocrx_word' id='word_1_362' title='bbox 1595 2508 1663 2541; x_wconf 91' lang='lat' dir='ltr'><strong>Or-</strong></span> 
     </span>
     <span class='ocr_line' id='line_1_55' title="bbox 961 2562 1212 2596; baseline -0.012 0"><span class='ocrx_word' id='word_1_363' title='bbox 961 2573 1039 2596; x_wconf 90' lang='lat' dir='ltr'><strong>cum</strong></span> <span class='ocrx_word' id='word_1_364' title='bbox 1054 2562 1212 2595; x_wconf 86' lang='lat' dir='ltr'><strong>dimittit.</strong></span> 
     </span>
    </p>

    <p class='ocr_par' dir='ltr' id='par_1_21' title="bbox 962 2607 1665 2806">
     <span class='ocr_line' id='line_1_56' title="bbox 1003 2607 1665 2654; baseline -0.008 -9"><span class='ocrx_word' id='word_1_365' title='bbox 1003 2615 1068 2646; x_wconf 81' lang='grc'><strong>634</strong></span> <span class='ocrx_word' id='word_1_366' title='bbox 1090 2611 1194 2654; x_wconf 79' lang='grc' dir='ltr'><strong>Βιοί]</strong></span> <span class='ocrx_word' id='word_1_367' title='bbox 1218 2610 1384 2651; x_wconf 88' lang='lat' dir='ltr'><strong>Crotopo.</strong></span> <span class='ocrx_word' id='word_1_368' title='bbox 1426 2607 1539 2641; x_wconf 71' lang='lat' dir='ltr'><strong>Lam</strong></span> <span class='ocrx_word' id='word_1_369' title='bbox 1560 2609 1665 2650; x_wconf 79' lang='lat' dir='ltr'><strong>Ignis]</strong></span> 
     </span>
     <span class='ocr_line' id='line_1_57' title="bbox 962 2657 1663 2699; baseline -0.006 -4"><span class='ocrx_word' id='word_1_370' title='bbox 962 2663 1076 2696; x_wconf 72' lang='lat' dir='ltr'><strong>Laevua</strong></span> <span class='ocrx_word' id='word_1_371' title='bbox 1090 2661 1147 2692; x_wconf 83' lang='lat' dir='ltr'><strong>hic</strong></span> <span class='ocrx_word' id='word_1_372' title='bbox 1169 2659 1301 2692; x_wconf 85' lang='lat' dir='ltr'><strong>noxius.</strong></span> <span class='ocrx_word' id='word_1_373' title='bbox 1346 2657 1511 2699; x_wconf 84' lang='lat' dir='ltr'><strong>Virgilius</strong></span> <span class='ocrx_word' id='word_1_374' title='bbox 1536 2658 1581 2690; x_wconf 90' lang='lat' dir='ltr'><strong>de</strong></span> <span class='ocrx_word' id='word_1_375' title='bbox 1606 2668 1663 2691; x_wconf 87' lang='lat' dir='ltr'><strong>eo-</strong></span> 
     </span>
     <span class='ocr_line' id='line_1_58' title="bbox 962 2706 1664 2746; baseline -0.009 0"><span class='ocrx_word' id='word_1_376' title='bbox 962 2714 1042 2746; x_wconf 89' lang='lat' dir='ltr'><strong>dem</strong></span> <span class='ocrx_word' id='word_1_377' title='bbox 1070 2711 1160 2744; x_wconf 87' lang='lat' dir='ltr'><strong>Sirio</strong></span> <span class='ocrx_word' id='word_1_378' title='bbox 1203 2707 1339 2742; x_wconf 79' lang='lat' dir='ltr'><strong>AEneid.</strong></span> <span class='ocrx_word' id='word_1_379' title='bbox 1366 2716 1403 2740; x_wconf 88' lang='lat' dir='ltr'><strong>x.</strong></span> <span class='ocrx_word' id='word_1_380' title='bbox 1458 2708 1469 2725; x_wconf 80' lang='lat'>⁸</span> <span class='ocrx_word' id='word_1_381' title='bbox 1480 2706 1545 2739; x_wconf 82' lang='lat' dir='ltr'><strong>me</strong></span> <span class='ocrx_word' id='word_1_382' title='bbox 1573 2707 1664 2740; x_wconf 85' lang='lat' dir='ltr'><strong>sitim</strong></span> 
     </span>
     <span class='ocr_line' id='line_1_59' title="bbox 964 2757 1664 2806; baseline -0.013 -7"><span class='ocrx_word' id='word_1_383' title='bbox 964 2763 1169 2806; x_wconf 83' lang='lat' dir='ltr'><strong>morbosque</strong></span> <span class='ocrx_word' id='word_1_384' title='bbox 1198 2759 1313 2794; x_wconf 82' lang='lat' dir='ltr'><strong>serens</strong></span> <span class='ocrx_word' id='word_1_385' title='bbox 1339 2757 1537 2792; x_wconf 83' lang='lat' dir='ltr'><strong>mortalibus</strong></span> <span class='ocrx_word' id='word_1_386' title='bbox 1562 2760 1664 2801; x_wconf 78' lang='lat' dir='ltr'><strong>aegris</strong></span> 
     </span>
    </p>
   </div>
  </div>
 </body>
</html>
