1820 3068
244 247 332 291 918

741 257 783 288 P.
818 258 1010 289 PAPtNu
1043 259 1210 291 STATn

246 353 543 395 Funestorum
559 364 745 406 operum
766 353 1052 406 Eumenides,
1071 354 1328 410 Stygiaeque
1348 368 1528 401 severos

244 419 443 462 Iunonis
464 421 702 472 thalamos,
719 425 766 463 et
787 427 953 464 moesta
974 422 1141 465 cubilia
1159 436 1306 465 cerno.

243 486 299 529 In
320 489 519 543 speculis
541 487 666 530 Mors
687 492 784 531 atra
801 489 944 540 sedet,
966 490 1244 546 dominisque
1261 491 1440 534 silentes

243 554 519 597 Annumerat
538 555 757 610 populos:
786 556 929 611 maj0r
946 559 1244 611 supereminet
1260 559 1382 602 ordo.

243 620 425 664 Arbiter
443 622 525 664 hos
545 623 655 665 dura
677 629 826 665 versat
847 623 1089 680 Gortynius
1108 639 1232 677 urna,

243 689 366 732 Vera
381 691 514 733 minis
534 703 741 747 poscens,
762 691 988 746 adigitque
1008 704 1271 747 expromere
1292 694 1406 735 vitas

1622 628 1708 670 530

241 797 345 827 ionem
366 798 536 838 pallentem
548 797 583 829 in
595 797 687 834 solio,
707 802 740 830 et
762 797 878 830 circum
895 798 1009 830 Furias
1023 798 1184 832 ministras
1206 800 1349 833 dirorum
1374 810 1512 842 operum,
1533 804 1565 833 et
1580 804 1709 833 austera

243 838 397 879 eubiculo,
417 850 454 871 ac
479 841 588 872 tristes
612 842 710 872 lectos
734 841 870 880 infernoe
893 842 1040 873 Junom's.

1087 842 1196 883 Nigra
1223 853 1306 875 nwrs
1331 845 1416 876 sedet
1441 845 1474 876 in
1498 846 1563 876 alto
1577 845 1654 884 loco,
1677 847 1710 875 et

241 885 381 913 recenset
395 882 536 914 subditos
557 883 648 915 taciti
669 884 738 915 heri
749 895 760 916 .·
782 884 882 923 mqjor
897 884 989 916 turbu
1002 887 1260 918 nunterandm-um
1274 890 1383 919 restat.
1429 888 1588 923 Quaeeitor
1601 887 1712 919 Minoe

243 923 300 955 lm
313 929 414 957 movet
428 926 463 957 in
475 926 586 966 rigida
599 936 691 964 urna,
712 929 899 968 extorquens
911 931 1032 959 terrore
1044 928 1224 969 veritatem,
1245 932 1278 962 et
1291 930 1377 970 cog-it
1390 930 1546 972 detegere,
1568 940 1639 971 quoe
1654 929 1710 969 fe-

846 1011 866 1022 e

243 1066 309 1096 526
334 1064 525 1098 Eumenidas
543 1065 578 1097 in
604 1075 672 1099 uno
695 1065 930 1099 Reme—528
950 1067 1088 1100 Servius
1104 1067 1146 1100 ad
1162 1068 1296 1101 AEneid.
1313 1077 1367 1101 ιι.
1395 1069 1497 1101 citat:
1524 1068 1563 1101 In
1575 1069 1710 1112 scopulis

244 1107 338 1139 Mors
351 1117 433 1140 sceva
457 1110 566 1146 sedet,·
590 1109 668 1141 Nic.
697 1109 862 1141 Heinsius
884 1112 920 1142 in
934 1110 1084 1143 Advers.
1107 1111 1168 1143 lib.
1184 1121 1210 1143 1.
1227 1122 1309 1153 cap.
1329 1115 1380 1144 11.
1397 1122 1430 1154 p.
1447 1115 1521 1144 113.
1538 1113 1644 1154 legit:
1667 1112 1709 1145 In

235 1148 364 1188 foribus
378 1151 470 1183 Mors
484 1156 555 1183 atra
569 1153 667 1183 sedet.
711 1152 865 1193 Optimae
885 1153 1018 1185 Bartuii
1032 1154 1262 1186 membranae:
1285 1155 1464 1196 dominoque
1478 1155 1616 1195 silentes,
1630 1165 1708 1187 cum

242 1202 278 1224 v.
295 1193 317 1224 l.
333 1197 494 1226 nocentes.-
515 1194 727 1227 Membranae
744 1195 888 1237 Collegii
913 1196 1149 1237 Magdalensis
1166 1197 1294 1229 Oxonii
1317 1198 1444 1230 habent
1459 1199 1587 1230 etiam:
1610 1198 1708 1230 domi-

242 1244 342 1276 noque
367 1237 503 1268 silentes.
527 1239 620 1269 Dan.
650 1238 731 1269 Put.
758 1238 880 1270 Petav.
899 1243 935 1271 et
966 1249 1052 1271 unus
1078 1240 1202 1272 Bebot.
1229 1241 1405 1282 dominique
1427 1241 1577 1279 silentem
1599 1246 1635 1272 et
1658 1241 1708 1272 sie

243 1279 349 1310 etiam
374 1281 494 1320 scripti
517 1280 617 1312 codd.
644 1282 738 1312 Dan.
766 1281 902 1313 Heinsii
928 1281 971 1313 ad
999 1282 1178 1314 Claudian.
1205 1283 1318 1315 Rufin.
1334 1292 1359 1316 1.
1376 1286 1450 1315 124.
1474 1284 1579 1325 Lang.
1606 1284 1709 1316 Laur-

243 1320 396 1362 Lipsian.
413 1323 544 1354 Buslid.
562 1324 648 1354 alter
662 1324 789 1355 Behot.
805 1325 933 1356 Venet.
951 1325 1049 1358 Rom.
1067 1324 1173 1357 Aldd.
1186 1325 1295 1358 Colin.
1312 1326 1447 1367 Grypb.
1462 1327 1571 1358 Basil.
1590 1326 1709 1358 Plant.

243 1363 477 1406 Lindenbrog.
501 1366 603 1397 Cruc.
626 1366 772 1399 Gevart.
787 1370 823 1398 et
845 1367 1005 1399 Grasser.
1022 1368 1199 1409 dominique
1211 1368 1345 1400 silentis.
1368 1369 1460 1400 Dan.
1482 1369 1647 1401 Heinsius
1663 1368 1707 1400 ad

242 1405 422 1439 claudian.
439 1409 462 1439 l.
478 1408 502 1439 1.
517 1413 554 1440 et
571 1408 649 1441 Nic.
678 1408 840 1441 Heinsius
867 1409 902 1441 in
926 1409 1071 1442 Advers.
1094 1420 1129 1451 p.
1146 1413 1221 1443 113.
1248 1416 1493 1444 correxerunt:
1516 1411 1709 1452 dominisque

240 1448 390 1482 silenum
411 1454 447 1482 et
473 1450 523 1482 ita
547 1456 601 1482 est
627 1452 661 1482 in
686 1451 765 1483 edd.
791 1451 938 1485 Amstel.
966 1452 1118 1485 Gronov.
1143 1454 1264 1485 Barth.
1278 1454 1387 1486 Veen.
1411 1459 1447 1488 et
1473 1454 1709 1495 neuun—52⁹

243 1491 410 1533 Optimus
426 1494 515 1526 liber
538 1494 688 1534 Bartlnii,
704 1504 790 1526 unus
813 1496 935 1527 Behot.
952 1505 1039 1528 unus
1056 1496 1137 1527 item
1155 1496 1400 1538 Lindenbrogii
1417 1508 1424 1527 ε
1448 1507 1540 1539 super
1553 1497 1708 1536 imminet,

244 1537 300 1566 vel
310 1537 547 1577 superimminet
560 1539 756 1569 oram—530
781 1538 943 1570 Cortinius
957 1539 992 1569 in
1007 1538 1207 1580 quibusdam
1225 1539 1377 1578 scriptis.
1397 1539 1487 1571 Vide
1499 1540 1588 1572 Dan.
1603 1539 1711 1571 Hein-

237 1578 330 1610 -sium
358 1579 402 1611 ad
429 1580 608 1611 Claudian.
626 1590 660 1622 p.
679 1583 837 1612 10.—531
860 1582 870 1598 ‘
886 1581 1096 1613 Stultissima
1122 1582 1238 1620 lectio,
1251 1582 1354 1624 (Vera
1377 1582 1489 1622 nimis)
1500 1593 1576 1624 quae
1592 1591 1708 1614 omnes

243 1626 358 1654 tamen
371 1622 475 1655 libros
493 1623 656 1656 hactenus
670 1623 812 1655 collatos
827 1624 1083 1666 manuscriptos
1105 1625 1282 1666 editosque
1299 1625 1440 1666 insedit,
1455 1630 1556 1658 extra
1569 1625 1707 1668 quidem

906 1709 1053 1742 NOTAE

286 1774 353 1805 526
374 1771 560 1814 Stygioeque
587 1774 739 1815 Junonis]
769 1773 951 1815 Proserpi-
1005 1774 1133 1807 Cretae.
1179 1774 1249 1806 Hic
1273 1778 1343 1806 tam
1360 1774 1458 1816 juste
1481 1784 1641 1816 regnasse
1671 1779 1710 1808 et

191 1835 194 1838 >
243 1831 312 1855 nae.
356 1823 407 1855 Ut
419 1823 606 1865 Virgilius:
633 1825 788 1858 ‘Juuoni
806 1823 950 1858 infernae
997 1825 1173 1866 judicasse
1203 1824 1312 1857 fertur
1345 1825 1456 1865 vivus,
1486 1830 1526 1857 ut
1554 1830 1708 1858 mortuus

244 1883 344 1906 sacer
360 1873 502 1906 dictus.'
1002 1876 1140 1908 babitus
1154 1876 1199 1907 sit
1214 1875 1325 1917 judex
1341 1874 1549 1911 Inferorum,
1568 1876 1708 1918 datique

220 1962 223 1965 K
286 1927 352 1957 528
390 1924 596 1967 Dominisque
630 1925 761 1957 silentes
798 1925 950 1967 [silentis]
1004 1930 1170 1968 putantur
1204 1926 1273 1967 ipsi
1309 1935 1497 1958 assessores
1521 1926 1645 1959 AEacus
1670 1930 1709 1959 et

242 1974 443 2008 Annumemt
461 1976 603 2018 populos]
628 1976 723 2007 Libri
748 1976 883 2017 optimi,
907 1977 952 2008 si·
1004 1976 1299 2017 Rhadamanthus,
1321 1975 1412 2018 quod
1438 1980 1475 2008 et
1496 1977 1561 2017 ipsi
1586 1986 1707 2010 severe

243 2028 351 2059 lentes.
387 2027 457 2059 Sed
474 2033 644 2068 praeterea
655 2027 795 2068 collegii
806 2027 952 2068 Magda-
997 2026 1244 2069 judicaverint.
1292 2026 1404 2059 Versae
1418 2027 1514 2068 urna]
1541 2027 1595 2059 Ex
1611 2037 1706 2060 more

242 2077 348 2110 lensis
371 2078 502 2110 Oxonii
525 2077 737 2118 membrana,
753 2077 952 2119 dominoque.-
1004 2079 1172 2118 Romano,
1184 2077 1370 2110 Graecove.
1399 2076 1518 2110 Judex
1531 2078 1623 2110 enim
1638 2088 1709 2111 mo-

243 2128 386 2161 Plutoni
401 2129 579 2162 videlicet.
602 2129 732 2160 Verum
745 2131 860 2160 tamen
872 2138 950 2160 enm
1007 2128 1110 2161 vebat
1125 2138 1259 2169 urnam,
1282 2132 1320 2160 ut
1335 2128 1434 2171 cujus
1449 2129 1633 2171 litigatoris
1648 2139 1709 2162 no-

242 2179 277 2211 in
294 2179 449 2212 omnibus
473 2179 550 2211 aliis
573 2179 619 2211 sit
639 2178 828 2219 dominique,
843 2177 950 2209 liben-

245 2235 300 2263 ter
314 2230 488 2272 applaudo
511 2230 647 2271 ingenio
670 2229 824 2260 Danielis
844 2228 950 2261 Hein-

244 2282 283 2314 sii
298 2282 506 2314 scribentis:
534 2281 728 2322 dominisque
740 2281 870 2313 silentes
883 2280 950 2312 An-

243 2335 390 2364 numerat
399 2333 528 2374 populos
538 2342 548 2364 .-
560 2331 604 2363 ad
616 2330 853 2364 Claudianum.
867 2331 951 2363 Gro-

244 2383 363 2415 novius.

287 2435 352 2465 529
374 2432 483 2472 Major
494 2431 702 2473 supereminet
716 2433 805 2474 ordo]
826 2432 950 2465 Melio-

245 2493 300 2515 res
316 2483 474 2516 codices:
498 2483 598 2522 major
609 2493 703 2524 super
711 2483 851 2516 imminet
863 2485 951 2516 ordo.

246 2536 327 2568 Non
347 2535 566 2576 supereminet.
610 2535 716 2568 Quasi
740 2534 874 2567 diceret
887 2535 951 2568 hoe

246 2596 383 2628 quoque
400 2585 469 2617 illic
485 2595 559 2618 esse
574 2585 747 2625 miraculi,
761 2589 799 2616 ut
815 2594 951 2626 semper

245 2637 362 2679 plures
379 2635 582 2668 numerandi
598 2639 745 2677 restent,
764 2644 864 2678 quam
890 2644 951 2667 nu-

246 2686 368 2719 merati
385 2691 476 2718 sunt.
501 2686 600 2718 Idem.

289 2739 354 2768 530
377 2735 510 2768 Arbiter
531 2734 723 2777 Gortynius]
762 2734 877 2766 Minos
891 2733 952 2767 Jo-

246 2786 296 2818 vis
312 2791 348 2818 et
364 2786 511 2827 Europae
528 2785 630 2826 filins,
646 2796 707 2818 rex
725 2785 951 2825 Cretensium,

246 2835 361 2869 dictus
403 2835 582 2877 Gortynius
612 2845 631 2866 a
671 2835 830 2877 Gortyno
866 2834 950 2867 urbe

1004 2188 1083 2211 men
1112 2179 1258 2221 primum
1289 2178 1403 2211 exiret
1427 2189 1524 2220 urna,
1549 2180 1649 2222 hujus
1671 2184 1709 2212 et

1004 2239 1111 2262 eausa
1147 2230 1293 2271 primum
1326 2229 1562 2271 expediretur.
1618 2230 1710 2263 Vide

1004 2280 1162 2313 Servium
1192 2281 1268 2312 AEu.
1293 2289 1344 2312 vi.
1371 2280 1430 2312 ubi
1453 2281 1598 2323 exponit
1623 2281 1707 2314 illud

1004 2329 1172 2372 Virgilii:
1204 2330 1214 2348 ‘
1237 2331 1415 2364 Quaesitor
1444 2331 1559 2364 Minos
1590 2341 1708 2364 urnam

1005 2380 1144 2414 movet.²
1187 2381 1264 2413 Nee
1293 2381 1404 2412 solum
1429 2380 1464 2412 in
1493 2380 1648 2422 judiciis,
1672 2386 1709 2413 et

1004 2431 1212 2472 actionibus,
1233 2435 1270 2463 et
1283 2431 1529 2472 quaestionibus
1545 2436 1656 2463 sortes
1673 2436 1709 2463 et

1004 2491 1091 2514 urna
1119 2482 1232 2514 locum
1255 2480 1439 2522 habebant,
1459 2480 1518 2512 sed
1542 2481 1707 2522 pleraque

1004 2532 1154 2564 sortibus
1183 2530 1434 2574 decernebant,
1451 2535 1490 2563 ut
1516 2530 1631 2563 videre
1654 2537 1708 2562 est

1005 2582 1098 2624 apud
1123 2583 1318 2623 Scriptores
1342 2585 1413 2613 tam
1441 2580 1585 2612 Graecos
1606 2589 1707 2623 qnam

1005 2633 1158 2666 Latinos.

1041 2686 1103 2716 531
1117 2683 1290 2724 Adigitque
1301 2689 1481 2723 expromere
1487 2679 1585 2722 vitus]
1599 2679 1707 2713 Theb.

1006 2743 1089 2779 vJu.
1109 2735 1118 2752 ‘
1134 2734 1213 2765 Dux
1238 2731 1344 2765 Erebi
1370 2730 1515 2773 populos
1540 2730 1708 2773 poscebat

1005 2784 1148 2817 crimina
1162 2781 1268 2815 vitael

1810 2173 1820 2187 ι·
1808 2116 1820 2154 „a
1811 1959 1820 2099 „av-..mms-
1812 1891 1820 1944 -ι
