1820 3068
241 239 328 283 730

746 250 787 282 P.
818 231 1011 282 rimu
1043 250 1209 283 s'rA'rn

237 342 396 393 Poena,
414 355 498 385 neo
517 342 697 402 ultrices
715 343 991 397 castigavere
1011 348 1203 395 catenae,

237 410 506 452 Harmonies
527 409 675 451 dotale
694 410 833 451 decus
852 412 938 452 sub
958 411 1060 453 luce
1072 411 1220 467 jugali

237 477 502 519 Struxerat:
532 472 635 527 hoc,
656 476 781 518 docti
803 490 1057 531 quanquam
1077 478 1263 533 majora,
1278 478 1484 523 laborant

239 543 475 599 Cyclopes,
494 544 677 598 notique
693 557 876 598 operum
894 543 1163 586 Thelchines
1183 545 1329 588 amica

238 610 450 653 Certatim
464 610 619 665 juvere
638 623 798 663 manu;
832 611 912 652 sed
932 611 1149 665 plurimus
1169 606 1271 666 ipsi*

238 677 408 719 Sudor:
440 678 506 719 ibi
526 690 691 720 arcano
711 677 920 720 florentes
942 678 1045 732 igne
1065 678 1325 733 smaragdos

1622 613 1709 656 275

239 745 402 799 Cingit,
422 749 466 787 et
481 745 702 791 infaustas
725 758 988 800 percussum
1009 746 1248 789 adamanta
1267 747 1446 801 figurae,

239 812 599 868 Gorgoneosque
619 815 771 865 orbes,
794 814 1038 870 Siculaque
1059 815 1222 858 incude
1239 815 1423 857 relictos

238 939 309 961 cum
321 931 453 971 dedecus
467 942 528 965 non
543 933 693 966 retineret
707 933 909 974 deprehensos
931 938 1082 974 amantes,
1104 945 1160 968 nec
1183 934 1324 967 vindices
1354 943 1455 967 nexus
1476 943 1527 967 eos
1548 933 1712 975 punirent,

239 975 408 1006 excuderat
433 975 500 1007 haec
520 977 602 1008 dona
626 977 659 1008 in
684 978 820 1008 dotalem
843 980 986 1009 ornatum
1013 978 1212 1018 Harmonia,
1238 977 1295 1010 sub
1320 977 1404 1009 diem
1427 976 1609 1018 nuptiarum
1633 973 1710 1013 ejus.

244 1015 394 1058 Cyclopes
407 1027 512 1049 rerum
525 1019 622 1050 etium
636 1019 850 1061 difficilior-um
868 1020 969 1060 periti
991 1020 1142 1052 insudant
1166 1020 1238 1052 hide
1254 1019 1458 1059 fabricando,
1477 1023 1512 1051 et
1528 1018 1712 1052 mucium

240 1061 311 1090 urle
333 1060 524 1092 celeberrimi
544 1061 617 1093 huie
639 1062 724 1103 operi
749 1062 896 1094 certatim
917 1064 1081 1095 admovere
1106 1063 1239 1095 libentes
1262 1072 1391 1095 munus.-
1425 1062 1480 1094 sed
1501 1064 1532 1093 et
1553 1060 1710 1094 maxime

243 1100 329 1132 labor
343 1105 391 1134 est
405 1102 468 1144 ipsi
487 1103 636 1136 Vulcano.
680 1104 732 1136 Ibi
747 1105 919 1137 circumdat
932 1107 1115 1146 smaragdos
1129 1107 1280 1138 micantes
1293 1108 1411 1138 seweie
1423 1105 1566 1144 fulgore,
1586 1107 1619 1135 et
1633 1104 1711 1134 udu-

240 1146 348 1176 mnta
362 1145 550 1189 insculptum
564 1147 671 1179 noxiis
682 1146 817 1190 figuris,
837 1151 870 1180 et
886 1149 988 1181 oculos
1004 1148 1178 1190 Gorgonis,
1199 1152 1232 1181 et
1256 1148 1375 1181 cineres
1394 1147 1528 1190 per-secti
1544 1144 1709 1186 fulminis,

1079 1243 1101 1254 e

239 1304 389 1337 Armine
404 1306 492 1338 Dan.
508 1306 694 1338 Hermionoe
716 1311 860 1349 uterque
876 1307 1002 1341 Behot.
1030 1307 1215 1340 Harmonia>
1236 1307 1357 1346 Barth.
1371 1306 1462 1339 Vide
1483 1316 1588 1348 supra
1614 1305 1657 1338 ad
1674 1315 1708 1339 ν.

241 1350 318 1380 267.
340 1348 444 1381 Hunc
468 1359 549 1381 vero
574 1350 686 1381 locum
714 1350 877 1382 Barthius
902 1350 953 1383 ita
980 1350 1159 1383 distinxit:
1183 1350 1424 1391 LemniusMc,
1447 1351 1503 1391 ὅτ.
1526 1349 1710 1382 struxerat.

242 1390 317 1422 Hoc
337 1389 449 1440 fidos-ti
474 1402 649 1433 quanquam
677 1392 979 1435 mqioraylaborant
996 1394 1093 1436 Cyclo
1130 1403 1164 1431 s;
1193 1393 1330 1435 notique,
1355 1394 1520 1434 ‹rm—274
1550 1391 1711 1424 Telchines

242 1432 384 1465 Tanna.
400 1438 437 1466 et
459 1435 579 1468 Burm.
595 1440 631 1467 et
648 1434 697 1467 sic
713 1436 793 1468 Nic.
808 1435 971 1468 Heinsius
990 1436 1026 1467 in
1042 1435 1074 1468 A
1102 1446 1189 1468 vers.
1205 1436 1264 1468 lib.
1277 1443 1322 1469 n.
1335 1445 1413 1476 cap.
1428 1438 1461 1467 4.

1476 1445 1510 1476 p.
1524 1436 1709 1466 ese-sn

243 1475 377 1518 sanga,
391 1480 424 1509 et
438 1477 586 1516 infaustae
596 1487 774 1520 percussum
786 1479 954 1511 adamanta
957 1478 1080 1521 figuroe
1094 1478 1180 1521 legit
1194 1478 1361 1512 Heinsius
1375 1478 1453 1511 ioco
1468 1477 1570 1510 modo
1585 1477 1711 1529 citato3

905 1566 1054 1600 NOTAE

286 1631 352 1662 2⁷1
373 1629 510 1662 Ultrices
522 1630 657 1673 σαίρω]
672 1631 862 1673 Vulcanus,
871 1640 951 1664 cum

243 1689 387 1714 uxorem
412 1681 585 1714 Venerem
614 1682 650 1714 in
675 1682 844 1715 adulterio
872 1691 951 1715 cum

245 1731 363 1763 Marte
374 1731 670 1774 deprehendisset,
682 1733 823 1770 lectum,
835 1732 869 1764 in
882 1741 951 1774 qno

239 1781 421 1822 jacebant,
441 1782 667 1815 subtilissimis
685 1783 818 1815 catenis
829 1783 950 1823 cinxit,

245 1832 436 1875 nudosque,
451 1833 501 1865 uti
524 1837 636 1874 erant,
651 1833 731 1866 Diis
746 1833 951 1865 deridendos

245 1883 427 1924 exposuit:
450 1884 585 1925 hocque
610 1884 714 1916 modo
740 1883 805 1916 sibi
823 1883 952 1916 factam

244 1933 407 1974 injuriam
425 1934 617 1966 vindicasse
630 1934 792 1967 eredidit.

289 1986 356 2016 272
379 1984 571 2017 Harmonice
582 1985 687 2017 dotale
697 1984 806 2026 decus]
829 1983 952 2017 Postae

248 2032 450 2066 fabulantur
464 2034 604 2075 nuptias
619 2034 741 2066 Cadmi
754 2038 790 2066 et
807 2033 953 2069 Harmo-

246 2083 321 2116 nies
335 2083 526 2117 celebratas
540 2083 645 2116 fuisse
664 2085 698 2116 in
715 2084 819 2124 coelo,
831 2087 870 2116 et
883 2094 952 2116 om-

246 2143 309 2166 nes
339 2134 436 2166 Deos
462 2144 606 2167 munera
629 2145 692 2168 sna
705 2135 803 2167 novis
816 2135 953 2177 sponsis

248 2183 408 2225 dedisse;
431 2185 627 2219 Vulcanum
653 2190 769 2219 autem
789 2186 855 2219 hoc
882 2195 954 2218 mo-

247 2235 319 2268 nile
330 2236 525 2274 donasse-13
535 2257 544 2271 ι

291 2288 358 2318 274
396 2285 563 2328 Cyclopes]
608 2284 763 2319 Ministri
791 2285 954 2327 Vulcani,

248 2339 290 2367 ut
299 2336 372 2376 jam
388 2336 547 2369 diximus.
590 2336 682 2368 Vide
696 2336 803 2369 Theb.
824 2344 850 2368 1.
883 2337 954 2368 Tel-

247 2386 370 2428 chines]
392 2387 574 2419 Telchines
595 2387 653 2419 alii
673 2386 762 2420 filios
785 2387 954 2420 Minervae

250 2441 288 2469 et
300 2436 388 2469 Solis
400 2436 534 2469 faciunt
549 2450 559 2471 ς
578 2437 635 2469 alii
650 2437 791 2470 Saturni
806 2441 843 2470 et
857 2436 954 2470 Alio-

248 2497 326 2529 pes,
352 2487 577 2531 Rhodumque
618 2489 765 2520 insulam
799 2489 954 2521 tenuisse

248 2538 377 2571 ferunt.
424 2538 574 2572 Quidam
590 2538 733 2571 tradunt
747 2543 819 2570 tres
834 2537 954 2580 fuisse,

249 2588 459 2630 fratresque,
486 2588 619 2621 invidos
642 2598 683 2620 ac
700 2588 886 2629 maleficos,
898 2588 957 2631 qni

250 2647 327 2670 cum
344 2639 532 2670 vicinorum
548 2648 648 2680 agros
664 2644 834 2680 proventu
856 2638 956 2672 ferti-

250 2689 302 2720 les
318 2688 488 2728 viderent,
504 2698 563 2721 eos
578 2693 844 2730 consperserunt
858 2689 955 2731 aquis

252 2738 380 2779 Stygis,
395 2742 434 2770 ut
447 2737 660 2774 infoecundos
673 2738 880 2772 redderent:
902 2739 956 2772 di-

252 2792 379 2821 cuntur
405 2788 511 2822 etiam
548 2793 692 2832 aspectu
732 2790 805 2823 solo
840 2789 955 2823 omnia

1005 1631 1208 1665 effascinare
1234 1630 1337 1664 soliti.
1389 1628 1463 1662 Alii
1492 1627 1711 1661 confundunt

1005 1692 1064 1715 eos
1077 1692 1155 1716 cum
1166 1681 1353 1715 Curetibus
1364 1689 1406 1712 ac
1419 1678 1578 1720 Dactyiis
1591 1677 1709 1719 Idaeis,

1005 1742 1223 1775 summosque
1251 1731 1360 1764 fuisse
1398 1727 1548 1762 artifices
1578 1727 1711 1771 dicunt,

1005 1783 1247 1816 veneficiorum
1263 1790 1346 1814 vero
1371 1779 1498 1812 famam
1516 1778 1560 1810 ub
1577 1777 1709 1810 aemulis

1005 1833 1109 1866 fuisse
1132 1833 1335 1874 dispersam.
1381 1830 1508 1863 strabo
1535 1828 1598 1861 lib.
1627 1836 1709 1860 vtu-

1005 1884 1120 1916 Amica
1132 1882 1242 1923 manu]
1265 1880 1366 1916 Quod
1378 1878 1562 1922 significat,
1575 1887 1710 1910 omnem

1006 1939 1115 1967 artem
1137 1941 1348 1975 operamque
1365 1931 1445 1963 huic
1468 1929 1567 1973 operi
1579 1928 1710 1971 impen-

1007 1985 1111 2017 disse.

1050 2037 1113 2067 275
1140 2032 1224 2075 Ipsi]
1246 2032 1418 2064 Vulcano.

1049 2086 1114 2116 276
1127 2083 1254 2116 Arcano
1259 2081 1416 2124 florentes
1429 2080 1505 2121 igne
1515 2079 1714 2122 smaragdos]
1744 2095 1749 2099 -

1006 2134 1227 2176 Smaragdus,
1254 2134 1401 2175 gemma,
1422 2141 1489 2173 qua
1514 2130 1607 2163 acies
1633 2139 1713 2163 ocu-

1007 2185 1117 2217 lorum
1152 2187 1340 2223 recreatur,
1373 2189 1511 2224 qusque
1541 2180 1627 2213 nihil
1657 2179 1708 2212 vi-

1007 2235 1124 2269 ridius.
1166 2235 1292 2268 Aream
1307 2233 1464 2275 florentes
1487 2230 1578 2272 igne]
1609 2230 1715 2271 Quia,

1007 2291 1047 2318 ut
1076 2285 1189 2328 inquit
1217 2283 1364 2322 Plinius,
1402 2281 1528 2314 sensim
1564 2280 1714 2313 rudiunt.

1009 2335 1098 2367 Vide
1127 2333 1276 2368 eundem
1305 2331 1456 2365 Plinium
1485 2330 1546 2363 lib.
1562 2338 1712 2363 xxxvu.

1009 2395 1090 2427 cap.
1106 2388 1139 2417 6.

1051 2438 1116 2467 277
1131 2435 1178 2467 Et
1191 2433 1348 2472 infaustus
1360 2430 1714 2474 percussumudmnmz

998 2484 1141 2530 figuras]
1162 2483 1314 2517 Adamas
1326 2490 1469 2523 gemma
1483 2479 1629 2521 species.
1653 2479 1713 2511 vi-

1008 2537 1053 2568 de
1067 2534 1219 2568 Plinium
1231 2532 1291 2565 iib.
1313 2538 1462 2563 xxxvii.
1485 2538 1562 2570 cap.
1577 2530 1613 2561 4.
1655 2528 1714 2560 In-

1000 2587 1131 2626 faustus
1154 2591 1335 2626 percussum
1350 2578 1496 2623 figuras]
1528 2579 1713 2621 Ἀρχαῖκῧς,

1010 2646 1085 2679 pro,
1099 2642 1298 2677 percussum
1313 2629 1469 2663 infaustis
1481 2628 1612 2669 figuris.

1052 2689 1120 2720 278
1144 2686 1327 2726 Gorgoneos
1338 2679 1441 2722 orbes]
1460 2679 1549 2712 'rate
1563 2682 1642 2712 erat
1653 2688 1712 2712 cs-

1009 2741 1075 2779 put
1088 2734 1274 2778 Gorgonis,
1290 2741 1351 2765 seu
1366 2729 1539 2771 Medusae,
1552 2733 1591 2762 ut
1604 2730 1713 2763 homi-

1008 2797 1070 2822 nes
1081 2787 1147 2821 hoc
1163 2785 1237 2819 viso
1248 2782 1366 2818 ststIm
1377 2782 1413 2816 in
1422 2780 1559 2825 lapides
1570 2790 1713 2815 conver-
