1820 3068
236 174 349 216 1000

235 278 472 330 GentibuS,
495 279 944 333 aequorei,.redierunt
965 280 1128 324 vellera
1149 282 1329 337 Phryxi.

738 186 780 216 P.
812 185 1005 217 PAPlNss
1037 185 1204 218 s'rA'rn

1617 288 1704 332 475

226 398 318 438 sama
330 402 510 443 percrebuit
520 411 578 444 per
592 405 713 453 ceteras
727 403 881 444 nationes,
902 399 1130 436 vellus'marini
1146 405 1275 448 Phryxi
1295 406 1430 439 relatum
1442 407 1547 446 susm
1561 408 1594 440 in
1612 407 1705 442 Gra·

849 499 989 512 eeeeeee

992 499 1092 512 eeeee

236 555 390 598 Optimae
401 557 535 590 Barthii
551 559 781 594 membranae:
804 561 901 594 rediit
912 572 983 594 cum
993 563 1108 596 vellere
1117 573 1131 602 ;
1153 562 1221 596 duo
1231 563 1290 597 alii
1301 562 1404 596 codd.
1415 561 1704 606 ejusdemBartlr.

899 648 1045 681 NOTAE

235 706 363 740 Sensus
391 708 512 742 horum
550 710 734 744 verborum
761 717 837 746 est:
870 712 942 745 Aut

234 755 362 790 famam
390 760 559 800 perlatam
587 762 692 794 fuisse
719 764 942 797 adremotas

234 808 340 841 etiam
357 814 491 851 gentes,
515 812 624 844 vellus
652 823 793 846 aureum
810 815 941 857 Phryxi

234 859 384 892 relatum
422 859 528 893 fuisse
568 863 603 894 in
641 863 840 897 Graeciam:
882 870 942 898 aut

234 919 313 942 cum
339 921 443 953 supra
463 912 659 957 Hypsipyle
682 921 806 957 questa
829 917 875 949 sit
897 917 941 950 de

232 960 376 993 levitate
391 962 543 1005 Jasonis‚
572 966 745 1008 animique
760 968 833 1010 ejus
849 968 943 1004 duri·

233 1012 295 1052 tia,
310 1011 434 1045 famam
445 1014 585 1056 hujusce
597 1017 753 1058 perfidiae
772 1019 942 1059 perlatam

233 1059 340 1095 fuisse
355 1064 398 1096 ad
415 1067 657 1100 remotissimas
671 1073 792 1111 gentes
810 1080 819 1109 ;
833 1071 941 1110 ‚velle-

234 1121 270 1144 ra
288 1118 403 1146 autem
419 1115 550 1158 Phryxi
567 1118 710 1151 rediisse
733 1120 769 1151 in
791 1121 942 1153 animum

233 1164 374 1198 Jasonis
413 1175 454 1199 ac
484 1169 655 1202 sociorum
694 1171 782 1212 ejus,
818 1176 856 1204 et
892 1174 943 1205 sic

234 1215 411 1256 profectos
435 1217 539 1252 fuisse
565 1230 585 1252 e
617 1221 758 1255 Lemno.
819 1222 943 1255 Vellera

234 1266 381 1310 Phryxi]
437 1270 606 1313 Intelligit
653 1273 761 1305 vellus
801 1283 942 1306 aureum

234 1317 380 1361 Phryxi.
412 1320 573 1364 Phryxus
591 1327 706 1355 autem
723 1322 942 1356 Athamantis

233 1373 269 1400 et
298 1370 474 1411 Nepheles
506 1372 605 1409 filius,
631 1373 766 1415 fugiens
790 1373 942 1406 furorem

233 1420 317 1452 Inus
335 1431 507 1463 noverca’,
531 1423 676 1456 arietem
697 1424 791 1456 aurei
809 1425 943 1457 velleris

234 1481 302 1503 una
317 1482 394 1504 cum
413 1474 516 1506 Helle
538 1485 655 1507 sorore
672 1476 888 1516 conscendit,
905 1480 945 1508 ut

235 1531 341 1564 mare,
366 1533 434 1566 qua
458 1525 637 1566 angustius
652 1533 720 1566 est,
745 1526 943 1568 trajiceret:

236 1582 356 1605 verum
381 1575 485 1607 Helle
509 1581 602 1609 metu
628 1577 757 1609 cecidit
778 1578 812 1609 in
838 1587 946 1618 mare,

234 1633 490 1668 summersaque
502 1625 598 1659 dedit
611 1637 733 1659 nomen
747 1626 840 1660 freto
854 1628 897 1661 ab
905 1638 946 1661 ea
964 1643 966 1646 >

235 1674 501 1717 ‘Hellesponto'
530 1677 646 1710 dicto:
673 1678 832 1719 Phryxus
863 1688 945 1711 vero

234 1734 353 1766 sospes
371 1725 404 1757 in
421 1727 568 1759 Colchos
580 1728 753 1770 pervenit,
767 1728 825 1761 ubi
839 1729 943 1761 sacri-

235 1775 340 1809 ficato
356 1777 466 1811 ariete
479 1779 578 1818 Jovi‚
596 1780 650 1812 vel
667 1780 787 1817 Marti,
804 1785 843 1812 ut
869 1780 945 1812 aliis

236 1828 366 1869 placet,
384 1829 492 1861 vellus
507 1829 590 1862 illud
606 1839 747 1863 aureum
764 1831 798 1862 in
817 1830 947 1871 templo

236 1879 429 1920 suspendit.
463 1878 519 1911 Ad
536 1880 599 1912 hoc
615 1880 722 1922 igitur
738 1890 946 1922 recuperan-

236 1927 317 1960 dum
334 1928 509 1971 profectus
530 1930 638 1963 Jason
663 1941 740 1963 cum
765 1930 944 1972 Argonau-

237 1979 292 2016 tis,
308 1989 375 2021 ope
391 1980 530 2013 Medeae
551 1980 636 2013 illud
652 1981 687 2013 in
705 1982 852 2023 patriam
871 1985 946 2013 tan-

237 2031 314 2062 dem
347 2031 496 2064 revexit.
540 2031 608 2064 Sed
639 2042 706 2064 non
735 2031 946 2064 conveniunt

239 2087 398 2116 auctores
410 2082 491 2124 quid
507 2083 593 2115 illud
609 2082 730 2116 fuerit.
776 2083 951 2125 Orpheus,

237 2132 458 2175 Apollonius,
482 2138 517 2166 et
535 2135 690 2167 Catullus
708 2135 828 2167 volunt
841 2133 946 2167 fuisse

238 2185 381 2217 arietem
399 2194 479 2217 vere
494 2194 600 2216 aureo
625 2185 754 2218 vellere
776 2184 946 2226 insignem

236 2244 281 2267 ex
298 2235 466 2268 Mercurii
480 2239 657 2268 contactu.
680 2235 871 2268 Simonides
889 2245 946 2267 ve-

238 2296 289 2329 ro,
301 2291 342 2319 ut
358 2286 469 2319 refert
484 2287 695 2319 Scholiastes
711 2286 886 2328 Apollonii
902 2287 947 2319 ad

237 2337 368 2380 Argon.
390 2346 441 2370 ιν.
459 2337 560 2369 modo
582 2338 734 2375 candidi,
749 2338 850 2370 modo
866 2348 945 2379 pur-

237 2388 338 2430 purei
375 2388 514 2420 velleris
548 2388 645 2421 illum
675 2388 819 2421 arietem
848 2388 945 2422 facit.

236 2441 335 2473 Idem
365 2439 560 2472 Simonides
588 2449 633 2472 ex
661 2440 790 2472 Tzetze
817 2441 853 2472 in
878 2441 947 2473 suis

238 2491 451 2525 Chiliadibus
468 2490 624 2523 Historia
637 2493 690 2522 18.
715 2492 790 2524 vult
803 2491 946 2524 arietem

237 2542 454 2584 illum,quem
461 2540 613 2574 habebat
626 2540 769 2581 Atreus,
780 2542 946 2584 purpurei

237 2592 343 2626 fuisse
366 2592 520 2631 velleris,
543 2601 646 2633 quem
672 2601 814 2626 aureum
837 2593 946 2625 vellus

236 2643 399 2675 habuisse
414 2642 472 2674 alii
485 2640 666 2675 affirmant.
709 2642 778 2675 Alii
788 2643 947 2677 scribunt

234 2693 346 2726 vellus
384 2702 524 2725 aureum
571 2693 654 2725 nihil
695 2693 790 2726 aliud
827 2693 947 2735 fuisse,

238 2753 342 2787 quam
358 2743 482 2776 librum
505 2743 759 2777 membraneum
786 2754 829 2778 ex
850 2745 945 2787 pelli·

998 713 1062 745 bus
1094 713 1238 747 arietum
1264 708 1480 754 contextum,
1502 713 1570 756 qno
1583 722 1639 746 ars
1654 711 1704 745 fa-

996 764 1112 796 ciendi
1138 765 1214 797 auri
1235 770 1310 798 arte
1330 765 1487 807 chymica
1501 761 1704 797 contineba-

997 818 1064 854 tur,
1080 819 1116 846 nt
1127 815 1252 847 Suidas
1264 815 1299 847 in
1312 825 1396 848 voce
1411 814 1513 857 δέρας.
1559 814 1606 849 Et
1619 815 1704 847 Eus-

997 865 1123 897 tathius
1153 865 1189 897 in
1221 865 1426 907 Dionysium
1452 864 1592 907 Perieg.
1618 863 1705 901 citat

995 922 1171 951 auctorem
1203 917 1346 960 hujusce
1369 917 1542 964 opinionis
1566 916 1704 949 nomine

997 968 1199 1001 Charaxem.
1243 967 1391 1002 Quidam
1411 968 1532 1000 volunt
1546 967 1636 1000 hanc
1651 966 1704 1000 fa-

996 1018 1111 1050 bulam
1128 1019 1292 1060 originem
1317 1018 1464 1051 traxisse
1479 1027 1523 1050 ex
1539 1018 1704 1050 torrenti·

998 1068 1061 1100 bus
1078 1069 1284 1111 quibusdam
1306 1068 1479 1101 Colchidis
1491 1077 1612 1100 aureas
1629 1077 1705 1100 are-

995 1128 1056 1150 nas
1073 1120 1300 1158 volventibus.
1345 1119 1548 1151 Eustathius
1564 1119 1642 1152 loco
1655 1118 1704 1150 ci·

997 1174 1070 1202 tato
1096 1170 1239 1212 loquens
1265 1170 1308 1203 de
1328 1169 1464 1203 Colchis
1479 1168 1601 1202 scribit
1617 1169 1706 1202 auri·

997 1220 1088 1254 feros
1111 1221 1204 1264 apud
1225 1231 1284 1254 eos
1310 1230 1386 1255 esse
1409 1224 1581 1255 torrentes
1598 1220 1705 1253 rivos-

998 1282 1076 1314 que,
1101 1282 1290 1316 aurnmque
1325 1272 1511 1305 velleribus
1540 1273 1705 1314 excipere

999 1323 1120 1355 solitos
1137 1324 1297 1363 accolas;
1327 1323 1418 1361 unde
1442 1322 1561 1355 fabula
1574 1323 1617 1355 de
1633 1323 1705 1356 vel·

997 1373 1068 1406 lere
1086 1383 1202 1406 aureo.
1249 1370 1354 1408 Quod
1383 1373 1583 1406 Eustathius
1607 1382 1706 1406 acce-

998 1429 1099 1465 perat
1114 1434 1158 1456 ex
1181 1424 1351 1457 Strabone
1372 1425 1431 1457 lib.
1450 1434 1490 1456 ιι.
1509 1425 1567 1467 qni
1583 1425 1706 1457 iisdem

998 1484 1098 1516 paene
1122 1474 1236 1507 verbis
1262 1474 1348 1508 dicit
1371 1484 1447 1508 esse
1465 1474 1558 1517 apud
1573 1475 1706 1508 Suanos

999 1527 1144 1571 populos
1176 1525 1351 1558 Colchidis
1377 1524 1517 1558 flumina
1542 1524 1705 1567 aurifera,

999 1585 1190 1619 aurumque
1217 1577 1381 1619 excipere
1415 1575 1536 1622 solitos
1571 1576 1706 1608 accolas

1001 1627 1128 1660 tabulis
1137 1626 1340 1669 perforatis,
1349 1630 1386 1659 et
1397 1626 1580 1659 velleribus
1596 1630 1706 1659 trans-

1000 1687 1100 1710 verso
1131 1676 1271 1710 flumine
1303 1677 1489 1720 suspensis.
1539 1676 1707 1719 Ejusdem

1000 1733 1053 1761 est
1066 1728 1238 1771 opinionis
1265 1726 1447 1770 Appianas
1470 1727 1504 1759 in
1521 1727 1708 1761 Mithrida-

1000 1780 1093 1812 ticis.
1136 1779 1296 1812 Tradunt
1311 1783 1474 1811 auctores
1495 1777 1709 1811 aurifodinae

998 1830 1105 1862 fuisse
1121 1830 1212 1872 apud
1227 1829 1386 1870 Colchos,
1410 1832 1450 1861 ut
1474 1828 1595 1861 scribit
1608 1827 1707 1861 Stra.-

1000 1881 1043 1913 bo
1060 1881 1118 1913 lib.
1136 1890 1176 1912 ιι.
1191 1885 1227 1912 et
1242 1878 1377 1912 Plinius
1392 1879 1453 1911 lib.
1471 1887 1613 1912 xxxin.
1625 1887 1706 1920 cap.

999 1934 1031 1963 3.
1053 1930 1196 1963 scribit:
1223 1930 1324 1964 ‘Jam
1349 1933 1554 1971 regnaverat
1574 1929 1610 1963 in
1629 1929 1708 1963 Col-

998 1982 1071 2014 chis
1099 1981 1263 2013 Salauees
1285 1984 1322 2013 et
1342 1981 1533 2023 Esubopes,
1562 1980 1620 2023 qui
1636 1984 1707 2013 ter-

1003 2042 1076 2064 ram
1103 2032 1268 2074 virginem
1284 2035 1420 2072 nactus,
1434 2030 1617 2072 plurimum
1630 2030 1707 2063 anri

1001 2083 1206 2126 argentique
1230 2082 1362 2115 eruisse
1385 2081 1707 2116 dicitnrinSuano-

1003 2144 1078 2167 rum
1097 2139 1214 2176 gente,
1237 2138 1274 2166 et
1294 2132 1424 2175 alioqui
1449 2132 1633 2166 velleribus
1646 2141 1707 2165 au·

1001 2185 1069 2217 reis
1093 2185 1226 2226 inclyto
1256 2182 1385 2224 regno!
1428 2181 1616 2215 Athentns
1643 2181 1707 2216 lib.

1004 2244 1056 2267 vr.
1071 2244 1150 2276 cap.
1165 2237 1198 2267 4.
1213 2233 1324 2266 refert
1339 2233 1498 2266 Phialam
1520 2231 1628 2266 fuisse
1642 2241 1708 2266 ,ιιι-

1002 2294 1110 2326 ream,
1134 2284 1233 2325 cnjus
1267 2284 1304 2316 in
1337 2282 1452 2316 medio
1489 2283 1709 2327 prominebat

1003 2346 1123 2378 caper,
1145 2339 1205 2368 aut
1227 2344 1336 2376 agnus
1355 2344 1490 2367 aurens.
1533 2333 1706 2368 Amores

1001 2392 1082 2420 sunt
1097 2387 1186 2418 hanc
1209 2384 1360 2418 fabulam
1382 2384 1463 2417 inde
1483 2383 1708 2418 deductarum

1001 2438 1146 2470 raritate
1162 2440 1199 2468 et
1223 2434 1433 2468 excellentia
1444 2435 1614 2478 lanarum,
1629 2444 1706 2478 qm
1735 2479 1738 2482 ‚

1001 2499 1046 2522 ex
1083 2487 1251 2520 Colchide
1279 2485 1540 2520 advehebantur
1559 2495 1571 2518 τ
1605 2485 1705 2527 eujus

1000 2538 1171 2580 opinionis
1192 2537 1332 2569 videtur
1357 2545 1432 2569 esso
1459 2534 1636 2568 Varro-de
1661 2535 1707 2568 R.

1001 2589 1147 2623 Rustica
1161 2588 1222 2620 lib.
1238 2596 1280 2619 11.
1295 2596 1374 2628 cap.
1391 2589 1424 2619 1.·
1435 2585 1603 2618 ‘Veteres
1612 2585 1707 2620 Poe-

1002 2645 1048 2672 tae
1075 2640 1170 2681 ipsas
1197 2636 1350 2680 pecudes
1364 2638 1510 2677 proptor
1523 2634 1707 2669 caritatem

1002 2699 1124 2723 aureas
1151 2688 1311 2722 hahuisse
1341 2685 1452 2728 pelles
1476 2685 1706 2726 tradiderunt,

1002 2748 1040 2776 ut
1055 2742 1159 2785 Argis
1173 2740 1314 2783 Atreus,
1325 2748 1428 2782 quam
1441 2737 1509 2772 sibi
1521 2739 1706 2781 Thyestem
