1820 3068
240 224 328 268 884

736 238 778 267 P.
811 236 1006 269 PAPan
1040 237 1206 270 STATII

232 331 373 386 Sylva
394 332 566 376 tremit:
597 332 752 386 procul
772 332 869 386 ipse
890 333 1013 386 gravi
1031 332 1290 375 metuendus
1311 333 1356 376 in
1375 335 1505 377 basta

233 399 421 450 Eminet,
444 404 489 441 et
510 400 669 454 clypeo
692 400 864 442 victum
882 400 1091 455 Pythona
1108 407 1330 443 coruscat.

232 466 387 520 Hujus
407 466 665 521 Apollineae
686 480 862 509 currum
882 469 1149 511 comitantur
1169 468 1388 525 Amyclae,

232 533 364 585 Quos
384 534 534 590 Pylos,
555 539 602 576 et
623 535 774 576 dubiis
797 535 951 578 Malea
971 537 1114 580 vitata
1133 537 1315 588 carinis,

231 601 557 657 Plaudentique
580 603 753 646 habiles
776 602 934 658 Caryae
956 617 1155 646 resonare
1175 605 1353 656 Dianae,
1395 639 1399 643 .

1615 605 1702 663 225

229 746 335 769 nemus
349 738 382 768 in
397 747 490 769 curru
506 737 644 779 trepidat
656 748 667 770 :
686 739 796 779 procul
818 739 885 780 ipse
899 738 1115 777 formidabilis
1139 740 1311 780 ponderosa
1333 740 1425 772 hasta
1449 740 1650 782 conspicitur,
1669 744 1702 773 et

221 779 308 818 facit
314 780 445 820 fulgere
460 782 493 812 in
507 782 612 822 clypeo
628 781 814 813 debellatum
830 783 988 824 Pythone.
1032 782 1172 823 Amyclae
1187 783 1332 823 Apollini
1343 793 1442 814 sacroe
1455 787 1623 824 sequuntur
1635 783 1701 823 qius

229 833 368 862 currum,
388 826 419 854 et
439 823 474 854 hi
497 834 571 864 quos
599 825 696 865 Pylos
719 825 833 866 mittit,
856 828 887 855 et
912 825 1019 856 Malea
1039 825 1197 856 declinata
1213 825 1253 856 ab
1267 825 1372 857 anxiis
1385 826 1525 863 navibus,
1546 830 1578 858 et
1595 827 1701 859 Carioe

230 869 314 907 apta>
339 867 381 898 ad
407 867 610 899 resonandum
631 867 821 899 saltantibus
842 867 958 908 puellis
970 867 1005 898 in
1019 867 1164 899 honorem
1178 867 1310 906 Diunoe,
1331 872 1363 900 et
1377 869 1412 900 hi
1424 879 1500 910 quos
1518 869 1647 910 Pharis,
1669 873 1702 901 et

843 959 984 975 eeeeee

985 961 1085 974 ”000

229 1034 337 1064 -222
361 1032 488 1065 Eminet
515 1037 547 1065 et
572 1033 694 1065 victum
722 1034 828 1075 clypeo
858 1044 944 1067 uuus
961 1035 1085 1068 Bebot.
1119 1035 1266 1068 Phum‘
1287 1039 1435 1078 uterque
1465 1034 1700 1068 Bellon—22⁷

895 1141 1038 1176 NOTAE

230 1225 306 1256 quae
331 1215 434 1247 datur
461 1215 539 1247 hnic
566 1217 643 1249 loco
665 1226 733 1249 non
757 1216 939 1259 satisfacit,

229 1266 387 1298 nimirum
404 1267 588 1308 impeditas
606 1274 643 1301 et
653 1274 839 1310 occupatas
855 1268 937 1301 fuis-

228 1314 264 1349 se
283 1318 483 1359 Amphiarai
498 1327 629 1352 manus.
674 1320 742 1353 Qui
759 1330 854 1351 morae
869 1320 935 1361 sig-

230 1367 390 1400 nificatus
413 1368 442 1399 si
465 1368 680 1410 admittatur,
695 1370 857 1410 ponenda
871 1370 938 1402 erit

230 1419 368 1460 virgula
397 1423 476 1460 post
494 1418 532 1450 τὸ
554 1429 663 1459 morae,
687 1425 723 1452 et
747 1420 938 1460 voxjaculis

228 1469 474 1510 conjungenda
489 1479 566 1502 cum
579 1471 805 1513 sequentibus
816 1472 941 1512 verbis,

231 1525 268 1551 et
285 1529 405 1551 sensus
422 1521 569 1561 optimus
584 1520 661 1553 erit.
707 1522 809 1553 Morae
822 1527 938 1554 antem

230 1571 431 1613 Peyraredo
446 1571 692 1614 pharetra-,vel
705 1573 817 1614 potius
827 1572 938 1605 thecae

224 1621 431 1662 jaculorum.
481 1622 586 1653 Moroe
623 1631 704 1654 vero
742 1622 867 1654 Gratio
904 1623 938 1654 in

231 1672 446 1713 Cynegetico
479 1673 512 1704 in
543 1673 594 1704 his
627 1672 808 1705 versibus:
846 1677 855 1691 ¹
874 1673 938 1705 lne

227 1724 331 1754 etiam
349 1723 461 1755 valido
487 1723 617 1765 primus
641 1723 812 1756 venabula
832 1723 937 1755 dente

227 1773 360 1809 Induit,
385 1778 419 1804 et
449 1773 550 1814 proni
568 1773 767 1805 moderatus
785 1774 936 1805 vulneris

185 1831 187 1834 ·
225 1823 312 1854 iram
329 1823 442 1855 Omne
459 1823 562 1854 moris
579 1823 719 1864 excepit
734 1823 938 1862 onus‚'sunt

227 1878 387 1906 extantes
403 1873 574 1914 utrimque
590 1873 669 1912 alae,
694 1882 757 1905 seu
778 1872 935 1914 furcnlae,

228 1934 306 1967 quae
345 1924 440 1956 circa
476 1923 624 1956 medium
663 1923 738 1955 fere
782 1924 937 1966 cuspidis

225 1975 399 2016 utrimque
415 1974 629 2016 prominent.
675 1974 855 2007 Κνῶδοντας
877 1984 935 2006 vo-

227 2025 323 2057 cavit
350 2025 557 2067 Xenophon.
599 2025 736 2066 Jaculis,
763 2029 796 2058 et
821 2025 935 2064 ferrea

225 2085 320 2107 curru
349 2075 448 2117 Syloa
481 2075 606 2116 tremit]
642 2075 763 2108 Innuit
800 2085 938 2108 currum

226 2124 427 2166 Amphiarai
445 2125 596 2167 undique
617 2126 708 2168 cingi
733 2126 937 2168 agminibus,

227 2185 371 2217 quorum
401 2176 527 2207 milites
551 2176 673 2217 jacula
702 2176 879 2217 ferebant,
908 2178 936 2209 si

228 2226 322 2266 prior
344 2227 509 2267 explicati
528 2227 643 2259 ovocis
668 2220 764 2259 mores
777 2228 936 2261 admitta-

226 2281 294 2317 tur,
310 2278 366 2309 vel
383 2277 506 2317 thecis,
521 2277 556 2309 in
570 2279 694 2319 quibus
704 2279 835 2319 jacula.

270 2329 335 2359 222
361 2328 474 2369 Clypea
485 2328 601 2360 victum
619 2329 767 2370 Pythona
782 2329 937 2371 coruscat]

226 2377 352 2418 Tangit
382 2388 523 2419 morem,
550 2389 617 2420 quo
643 2385 778 2411 veteres
800 2380 934 2422 insigne

227 2428 365 2469 aliquod
382 2429 416 2460 in
430 2434 527 2461 scuto
543 2435 680 2470 gestare
694 2431 861 2463 solebant.
887 2432 933 2463 Et

228 2487 311 2509 sane
327 2479 474 2511 decebat
497 2485 611 2511 vatem
629 2480 796 2522 Apollinis
812 2481 934 2513 insenl÷

228 2529 265 2569 pi
291 2538 413 2560 curare
439 2530 564 2571 clypeo
593 2531 776 2572 gloriosum
799 2532 934 2564 facinus

228 2579 444 2621 primumque
469 2579 640 2622 Apollinis
679 2581 745 2622 sni,
777 2582 936 2614 nimirum

230 2628 409 2661 victoriam
442 2631 587 2663 relatam
614 2631 657 2663 de
680 2631 840 2673 Pythone
866 2642 936 2664 ser·

229 2686 349 2720 pente,
366 2682 455 2721 quod
483 2680 616 2714 facinus
642 2687 742 2715 vocat
769 2683 936 2724 Papinius

228 2729 327 2761 initio
350 2731 457 2763 Theb.
483 2740 534 2763 vr.
566 2732 779 2774 ‘Apollinem
809 2733 937 2765 bellum

230 2780 361 2821 puerile
377 2781 573 2823 pharetrae!
606 2782 775 2823 Cor-uacat]
799 2783 869 2815 Pro
881 2791 937 2815 co-

994 1225 1134 1249 ruscare
1149 1216 1246 1249 facit.
1293 1215 1349 1248 Sic
1364 1216 1513 1258 Virgilio
1531 1217 1594 1250 lib.
1611 1226 1647 1250 x.
1663 1221 1701 1252 et

994 1276 1062 1300 ΧΠ.
1107 1267 1117 1285 ‘
1135 1267 1373 1309 strictumque
1389 1271 1546 1299 coruscat
1561 1268 1699 1300 Macro-

992 1317 1087 1349 nem'
1116 1322 1154 1349 et
1184 1318 1409 1359 ‘hastamque
1434 1316 1617 1350 coruscat!
1653 1318 1720 1350 ΕΓ

992 1373 1128 1409 postea,
1153 1367 1350 1409 ‘telumque
1370 1367 1552 1400 coruscat?
1594 1367 1700 1400 Vale-

994 1418 1063 1450 rius
1097 1418 1240 1451 Flaccus
1273 1418 1336 1451 lib.
1372 1428 1415 1451 ιι.
1457 1420 1467 1437 ‘
1485 1419 1698 1461 Fen-rumque

992 1478 1097 1510 super
1127 1469 1275 1501 Bellona
1304 1468 1487 1502 coruscat!
1508 1483 1510 1485 ·
1545 1467 1701 1502 emeat

991 1528 1088 1559 vero,
1110 1519 1191 1561 quia
1213 1529 1384 1552 armornm
1409 1518 1573 1561 splendor
1597 1519 1699 1552 valde

991 1569 1037 1601 ab
1061 1569 1236 1603 Heroibus
1253 1569 1460 1611 affectat-un
1478 1579 1546 1602 non
1568 1574 1639 1603 tam
1654 1571 1699 1605 ad

993 1619 1111 1657 decus.
1126 1630 1227 1662 quam
1241 1621 1284 1652 ad
1295 1625 1424 1653 metum
1437 1620 1593 1652 hostibus
1603 1621 1699 1652 ineu-

993 1671 1160 1710 tiendum,
1175 1672 1226 1703 nti
1242 1672 1284 1704 Il.
1302 1677 1341 1704 N.
1364 1671 1478 1703 noce&
1492 1670 1619 1712 ἄμερδεν
1637 1671 1699 1703 Αὔ-

990 1720 1035 1761 'fil
1050 1719 1198 1761 χαλκείη.
1231 1721 1384 1762 Splendor
1398 1721 1474 1753 oeris
1486 1722 1589 1753 oeulos
1601 1720 1698 1753 οὐτα-

991 1773 1087 1803 cnvit.
1243 1774 1246 1775 ⁷

1033 1826 1096 1855 223
1113 1823 1270 1864 Amyclae]
1289 1822 1444 1864 Amyeloe
1457 1821 1622 1863 oppidum
1632 1822 1698 1854 La-

990 1874 1114 1911 coniae‚
1136 1874 1231 1915 regia
1250 1873 1416 1915 Tyndari,
1436 1877 1474 1905 et
1489 1873 1604 1914 patria
1617 1873 1698 1906 Pol·

989 1926 1077 1958 lucis
1093 1930 1130 1958 et
1151 1926 1319 1965 Castoris,
1342 1925 1403 1957 ubi
1428 1925 1597 1966 templum
1620 1930 1700 1958 ent

989 1975 1172 2017 Apollinis,
1185 1977 1276 2008 inter
1287 1981 1405 2007 cetera
1419 1975 1539 2016 ejusce
1550 1975 1697 2017 regionis

989 2027 1122 2068 templa
1146 2035 1253 2068 opere
1279 2025 1479 2068 divitiisque
1511 2025 1697 2058 celeberriss

991 2086 1095 2109 mum.
1139 2077 1266 2109 Strabo
1281 2076 1341 2109 lib.
1358 2085 1444 2109 vm.
1474 2076 1696 2118 Thucydides

991 2127 1050 2159 lib.
1066 2137 1101 2159 v.
1146 2128 1255 2159 Erant
1271 2132 1308 2159 et
1323 2127 1401 2160 aliae
1418 2127 1521 2160 nrbes
1542 2127 1695 2169 ejusdem

991 2178 1149 2218 nominis,
1164 2188 1232 2210 una
1253 2178 1288 2210 in
1309 2178 1444 2210 Euboes
1457 2177 1579 2216 insula,
1593 2181 1631 2210 et
1646 2178 1695 2210 al-

990 2232 1066 2260 tera
1082 2228 1115 2259 in
1131 2229 1508 2270 Italia‚quae*suotore
1530 2227 1648 2260 Plinio
1670 2237 1693 2260 a
1735 2232 1747 2237 ’“
1799 2231 1802 2233 ’

989 2279 1209 2320 serpentibus
1222 2279 1339 2312 deleta
1354 2283 1419 2313 est.

1030 2331 1095 2361 224
1123 2329 1237 2371 Pylos]
1267 2329 1378 2370 Supra
1403 2328 1448 2361 de
1475 2329 1577 2371 Pylo.
1621 2329 1697 2365 Μα-

989 2380 1054 2421 lea]
1085 2379 1361 2411 Promontorium
1396 2379 1559 2412 Laconia
1586 2379 1696 2412 Theb.

988 2439 1014 2463 1.
1044 2433 1120 2462 101.
1149 2430 1257 2463 Vitam
1281 2429 1416 2472 carinis]
1441 2429 1574 2463 Crebra
1602 2430 1695 2462 enisu

987 2479 1169 2522 naufragia
1183 2481 1312 2512 fiebant
1329 2490 1437 2522 prope
1454 2481 1518 2513 hoe
1539 2488 1694 2522 promon-

991 2533 1116 2564 torium
1130 2543 1139 2564 :
1164 2533 1256 2565 unde
1270 2533 1443 2566 vitabatur
1458 2543 1478 2566 ι
1492 2532 1618 2566 tatutis.

1033 2585 1096 2614 225
1120 2583 1353 2625 Plaudentiqne
1375 2583 1494 2616 has-'les
1509 2583 1624 2625 Gorya
1642 2589 1694 2615 r'e-

989 2641 1098 2664 sonare
1114 2632 1249 2674 Dianae]
1273 2633 1394 2675 earyae
1405 2632 1570 2674 oppidum
1586 2632 1694 2666 Laeo-

991 2683 1069 2723 niae‚
1108 2683 1257 2725 Carynm
1294 2682 1454 2724 Polybio,
1493 2681 1618 2714 Dianae
1655 2687 1694 2715 et

993 2731 1161 2773 Nymphis
1176 2740 1323 2772 ssorum,
1338 2737 1375 2764 et
1389 2733 1423 2764 in
1446 2741 1489 2764 eo
1505 2733 1600 2764 lucus
1613 2732 1694 2765 Dia-

992 2792 1045 2814 nae
1061 2783 1164 2815 etiam
1181 2792 1290 2816 sacer.
1334 2783 1385 2816 Eo
1399 2783 1433 2815 iu
1445 2783 1522 2815 loco
1533 2782 1694 2816 hoedus

1813 460 1820 489 ὲ

1811 518 1820 535 ·.

1814 543 1820 557 l

1811 587 1820 641 ξ

1812 661 1820 674 .

1814 681 1820 702 μ

1815 706 1820 732 i

1810 739 1820 755 κ
