1820 3068
235 202 332 245 914>

238 309 433 353 Nubilus
450 303 596 350 Arcas
618 311 744 362 agat:
777 313 933 350 contra
948 321 1026 363 per
1047 309 1233 350 crimina
1250 309 1431 360 functis,

237 376 330 428 Qui
348 376 500 431 plures
522 376 690 427 Erebo,
706 376 944 431 pluresque
965 389 990 416 e
1011 378 1222 431 sanguine
1245 375 1422 428 Cadmi,

235 444 396 498 Angue
417 448 479 486 ter
500 457 707 495 excusso,
727 448 771 486 et
788 444 993 499 flagranti
1013 445 1187 499 praevia
1207 450 1333 497 taxo,

234 511 499 566 Tisiphone,
519 511 613 553 dux
632 511 778 565 pande
799 511 934 563 diem,
953 525 1038 554 nec
1055 513 1171 554 lucis
1193 518 1374 567 egentes

234 579 456 622 Cerberus
477 581 667 621 occursu
686 580 886 635 capitum
905 583 1156 635 retorqueat
1170 582 1364 623 umbras.

235 648 446 691 Dixerat:
476 650 522 689 et
540 647 708 701 pariter
728 648 877 690 senior
897 648 1189 703 Phoebeaque
1210 650 1335 703 virgo

235 716 433 758 Erexere
450 715 649 758 animos:
679 715 747 758 illi
766 715 1002 757 formidine
1018 717 1156 767 nulla,

232 783 441 840 (Quippe
460 782 505 824 in
527 782 659 825 corde
681 781 847 838 DeuS‚)
868 784 1011 826 solum
1034 788 1198 826 tremor
1216 784 1363 827 obruit
1380 784 1534 840 ingens

234 851 641 906 OEdipodioniden‚
663 851 871 905 vatisque
890 851 1105 893 horrenda
1124 852 1324 894 canentis
1364 874 1368 876 ἡ

233 919 368 963 Nunc
389 919 614 970 humeros,
635 932 752 961 nunc
774 920 851 961 ille
871 932 1045 971 manus,
1066 926 1108 963 et
1130 920 1296 962 vellera
1317 924 1491 975 pressat

231 986 426 1037 Anxius,
446 987 732 1042 inceptisque
753 988 859 1029 velit
875 987 1089 1029 desistere
1106 989 1263 1031 sacris.

233 1054 396 1108 Qualis
418 1054 612 1098 Gaetulae
634 1056 935 1098 stabulantem
956 1055 1014 1097 ad
1037 1056 1250 1110 confraga
1269 1056 1408 1110 sylvae

728 214 781 247 ,P.
814 212 1008 243 PAP1N11
1043 212 1212 244 STATH

1618 786 1707 828 490

232 1189 355 1220 Contra
371 1193 418 1228 tu,
435 1189 616 1240 Tisiphone,
635 1191 716 1229 dux,
737 1193 770 1222 et
787 1191 972 1222 antecedens
986 1192 1111 1223 ardenti
1132 1194 1228 1223 taxea
1243 1193 1339 1232 taeda,
1353 1194 1386 1224 et
1398 1194 1542 1232 serpente
1555 1194 1606 1223 ter
1619 1193 1702 1222 moto

229 1232 312 1263 diem
327 1233 414 1271 aperi
428 1233 490 1273 his,
512 1234 567 1274 qui
591 1233 726 1265 extincti
747 1237 821 1265 eunt
835 1233 872 1264 ob
895 1235 1023 1272 scelera,
1045 1235 1098 1275 qui
1119 1235 1225 1275 plures
1250 1238 1323 1266 sunt
1341 1235 1376 1266 in
1389 1234 1522 1273 Inferis,
1544 1238 1575 1266 et
1595 1234 1702 1274 plures

228 1275 267 1306 de
285 1275 398 1307 Cadmi
419 1285 547 1317 genere,
569 1286 625 1308 nec
643 1276 798 1308 Cerberus
811 1276 915 1308 redire
939 1281 1031 1316 cogat
1047 1277 1147 1308 obviis
1161 1277 1315 1318 capitibus
1330 1287 1437 1309 manes
1457 1277 1570 1308 lumine
1591 1277 1699 1317 priva-

228 1319 289 1349 tos.
334 1318 391 1350 Sic
412 1319 472 1359 ait,
495 1323 527 1351 et
552 1319 711 1359 longaevus
735 1322 767 1351 et
789 1319 879 1359 virgo
897 1320 1030 1351 Phoebea
1044 1321 1207 1360 «equaliter
1224 1323 1358 1352 mentem
1382 1320 1598 1351 intenderunt.
1643 1317 1700 1350 1111·

226 1361 310 1392 nullo
321 1371 448 1402 pavore,
465 1361 593 1403 (quippe
605 1363 694 1393 Deus
707 1362 742 1393 in
755 1363 846 1393 corde
859 1366 905 1393 est
909 1362 1076 1403 ,)magnus
1090 1363 1200 1394 horror
1213 1364 1312 1394 solum
1327 1363 1449 1394 invadit
1460 1361 1705 1411 OEdipifllmrn,

228 1406 260 1434 et
273 1404 418 1436 turbatus
441 1415 522 1436 nunc
544 1404 713 1445 prehendit
737 1405 891 1445 humeros,
913 1415 996 1436 nunc
1021 1415 1144 1442 manas,
1163 1416 1245 1437 nunc
1267 1406 1366 1437 vittas
1390 1405 1522 1444 auguris
1545 1403 1700 1446 loquentis

227 1445 279 1477 du
278 1456 311 1487 a,
333 1450 366 1479 et
376 1448 471 1479 vellet
486 1449 626 1480 deserere
643 1447 789 1480 inchoata
802 1457 903 1480 sacra.
951 1447 1038 1479 Talis
1053 1451 1182 1480 venator
1196 1447 1358 1490 opperitur
1371 1449 1487 1480 leonem
1502 1447 1700 1480 recubantem

846 1545 1091 1557 munuum

226 1619 307 1652 Jani
322 1619 497 1652 Parrhasii
512 1620 555 1652 ad
572 1620 694 1652 Claud.
706 1619 1075 1660 Rapt.Pros.1.-483
1092 1619 1254 1651 Barthius
1267 1619 1394 1662 aliique
1409 1620 1582 1652 nonnulli.
1593 1619 1699 1653 Arcas

225 1663 294 1702 agit
300 1665 443 1694 .-484·
452 1663 670 1695 Probabilior
679 1663 799 1704 optimi
811 1663 1024 1704 aliorumque
1038 1662 1200 1694 librorum
1210 1663 1400 1704 scriptum.
1413 1663 1553 1694 nemine
1562 1663 1686 1695 Cadmi.
1689 1662 1700 1676 ’

226 1705 347 1737 Barth.
392 1705 449 1738 Ita
465 1706 571 1737 etiam
588 1706 651 1747 Lip
655 1706 741 1737 sian.
759 1711 795 1737 et
807 1705 888 1737 edd.
900 1705 1158 1746 antiquissimae.
1160 1708 1267 1737 -487
1291 1705 1455 1737 Barthins
1473 1705 1621 1748 aliique:
1643 1706 1698 1737 de-

226 1752 371 1789 torqueat
390 1749 517 1780 umbras
530 1760 544 1786 ;
573 1758 661 1780 unus
691 1748 814 1785 codex,
843 1749 1121 1780 ἀκῆται-485
1145 1749 1259 1788 Angue
1282 1752 1332 1780 ter
1351 1749 1474 1780 incusso
1502 1749 1537 1779 in
1558 1748 1697 1789 optimis

184 1829 187 1833 ‚
226 1791 360 1823 Barthii
382 1792 602 1828 membranis,
628 1791 720 1833 quod
749 1792 806 1823 ille
835 1790 1069 1832 recipiendum
1100 1796 1208 1831 putat.
1210 1794 1317 1823 -488
1339 1791 1382 1822 In
1406 1791 1527 1823 eodem
1552 1790 1696 1823 codice.

223 1834 329 1865 senior
350 1835 485 1875 pariter.
509 1835 600 1866 Edd.
615 1839 705 1866 vett.
722 1843 800 1865 cum
826 1834 942 1865 multis
967 1834 1068 1866 codd.
1093 1834 1298 1875 Phoebeiaque
1321 1835 1436 1874 virgo;
1459 1843 1544 1865 nnus
1571 1833 1697 1866 Behot.

228 1877 421 1926 Pboebeaque
449 1878 565 1917 virgo,-
601 1882 638 1909 et
659 1878 708 1908 sic
733 1877 815 1909 edd.
848 1880 999 1908 recentt.
1001 1879 1109 1908 -490
1134 1877 1289 1918 Optimae
1318 1877 1453 1908 Barthii
1475 1875 1696 1916 membranae,

225 1919 322 1952 timor
347 1930 411 1963 pro
433 1925 558 1953 tremor.
558 1922 668 1952 -492
691 1920 895 1952 Bernartius
918 1919 1036 1951 malit:
1060 1923 1092 1951 et
1121 1920 1236 1952 vellera
1256 1923 1398 1962 prensat.
1399 1922 1508 1951 —500
1531 1918 1696 1961 Optimus
1784 1926 1786 1928 ’

887 2026 1030 2058 NOTAE

267 2106 332 2136 484
354 2103 474 2145 Erebo]
495 2102 636 2141 Inferis,
651 2103 809 2136 Tartaro.
841 2102 932 2136 Vide
985 2103 1067 2144 tum]
1088 2102 1168 2135 Tria
1192 2102 1282 2135 euim
1305 2101 1425 2143 capita
1443 2099 1595 2133 habebat
1611 2100 1694 2134 Cer-

224 2154 337 2187 Theb.
354 2163 379 2187 1.
394 2157 472 2186 298.
985 2153 1101 2186 herus.

266 2208 330 2237 485
354 2206 469 2245 Angue
483 2209 532 2237 ter
546 2205 692 2247 excusso]
723 2204 931 2246 Serpentem
1028 2206 1094 2235 488
1117 2202 1249 2243 Senior]
1283 2201 1445 2234 Tiresias.
1498 2200 1694 2242 Phoebeaque

224 2256 315 2289 enim
331 2265 432 2287 manu
449 2260 585 2297 gestare
592 2255 666 2297 jam
683 2255 829 2287 vidimus
843 2254 930 2286 Tisi-

223 2306 372 2349 phonem
388 2306 495 2339 Theb.
511 2315 538 2338 1.
570 2306 581 2324 ‘
593 2306 683 2338 Haec
701 2299 786 2337 ¹vivo
810 2314 930 2337 manus

223 2357 305 2389 aeta
333 2356 498 2389 verberat
526 2355 660 2398 hydro!
706 2356 752 2387 Et
769 2355 932 2398 flagnmti

218 2407 343 2449 praevia
371 2407 463 2448 taxo]
500 2406 542 2439 Id
585 2410 651 2447 est,
680 2406 775 2438 taeda
804 2411 926 2438 taxea:

223 2463 325 2491 taxus
341 2462 458 2490 autem
473 2457 549 2490 dira
564 2457 680 2498 arbor,
697 2460 737 2490 ut
749 2457 844 2498 cujus
855 2466 928 2488 um-

221 2507 286 2540 bra
308 2517 501 2550 succusque
529 2508 648 2540 letalia
676 2512 768 2540 sunt.
806 2507 930 2539 Facem

222 2557 327 2591 etiam
341 2558 461 2590 Furias
477 2563 615 2600 gestare
628 2567 731 2600 supra
746 2557 902 2590 vidimus.

264 2612 330 2642 486
347 2609 514 2651 Tisiphone
520 2610 585 2641 dux
591 2610 694 2651 pande
703 2608 803 2650 viam]
814 2609 929 2640 Mens:

223 2659 363 2692 Hecate
378 2658 414 2692 et
425 2660 621 2692 Mercurius
633 2660 706 2701 pias
720 2659 849 2691 ducant
861 2658 931 2690 aui-

223 2719 311 2750 mus,
327 2715 377 2751 tu,
391 2711 590 2752 Tisiphone,
604 2710 672 2742 duc
689 2713 868 2741 nocentes.

265 2763 329 2793 487
356 2760 526 2802 Cerberus]
549 2760 635 2794 Orci
644 2759 789 2801 janitor.
835 2758 931 2800 Capi-

984 2252 1091 2293 eirgo]
1114 2253 1271 2292 Mantho,
1285 2262 1360 2294 quae
1377 2255 1452 2283 erat
1467 2250 1572 2282 etiam
1589 2250 1691 2282 Phoe-

985 2304 1020 2336 bi
1032 2303 1204 2336 antistita.

1026 2358 1091 2387 489
1114 2355 1168 2386 Illi
1180 2353 1351 2390 formidine
1363 2351 1465 2394 nulla]
1492 2351 1639 2413 Tiresias
1654 2357 1699 2386 et.

985 2407 1130 2438 Mautho
1146 2406 1297 2438 scilicet.

1025 2459 1088 2489 491
1114 2453 1392 2506 OEdipodioniden]
1427 2453 1604 2486 Eteoclem
1632 2452 1692 2486 (Ε-

984 2507 1055 2550 dipi
1071 2507 1188 2539 tilium.

1025 2561 1091 2590 492
1112 2557 1261 2600 Preme]
1282 2555 1354 2589 Alii
1369 2554 1508 2588 codices
1518 2555 1656 2595 prensat.

1027 2610 1092 2639 494
1110 2606 1262 2647 Gaetnlae]
1278 2605 1429 2638 Gaetulia
1440 2602 1584 2635 interior
1595 2600 1689 2634 Afri-

986 2667 1036 2690 cae
1053 2657 1147 2698 regio
1166 2656 1269 2689 hodie
1288 2654 1506 2694 Bileautgeria
1522 2656 1663 2685 vocatur
1677 2661 1688 2684 ς

986 2707 1141 2740 leonibus
1157 2705 1322 2739 abundat.

1780 2671 1796 2711 ’,ἶ
