1820 3068
211 236 214 237 ⁷
258 217 346 262 960
763 230 803 260 P.
838 228 1030 260 PAPlNll
1062 229 1227 261 srA'ru

261 326 530 380 Vulgarent:
562 330 703 380 utque
724 324 958 379 implicitis
976 337 1139 368 arcana
1158 324 1386 368 domorum

261 394 514 447 Anguibus,
536 397 584 434 et
606 405 729 435 saeva
747 392 981 435 formidine
1002 397 1162 436 cuneta
1180 394 1370 448 replevit

263 460 455 510 Limina,
473 472 555 501 nec
575 459 655 501 fidi
673 461 887 514 populum
907 461 1114 502 miserata
1133 462 1281 503 mariti
1298 475 1309 514 ;

265 527 476 588 Protinus
498 540 525 568 a
545 526 715 569 Lemno
732 528 868 570 teneri
889 528 1064 582 fugistis
1085 528 1296 572 Amores:
1670 527 1728 569 70

265 595 422 637 Motus
445 594 638 650 Hymen,
658 608 889 650 versaeque
908 596 1045 647 faces,
1063 601 1107 638 et
1125 595 1285 650 frigida
1298 596 1412 652 justi

265 661 384 704 Cura
403 663 515 704 tori:
546 662 675 704 nullae
697 663 879 704 redeunt
896 663 943 704 in
964 664 1126 716 gaudia
1145 667 1313 715 noctes,
1373 707 1375 709 ,

265 730 431 772 Nullus
451 730 495 771 in
515 730 730 784 amplexu
755 743 888 785 sopor
909 733 1001 772 est:
1038 730 1143 772 odia
1163 744 1327 785 aspera
1343 730 1525 785 ubique,

264 797 323 839 Et
345 797 501 848 Furor,
522 801 564 840 et
583 798 732 840 medio
750 798 936 840 recubat
956 797 1198 840 Discordia
1218 798 1348 842 lecto.

265 864 385 907 Cura
404 865 511 907 viris
532 865 724 907 tumidos
746 865 937 907 adversa
955 865 1154 907 Thracas
1173 866 1221 907 in
1239 879 1317 908 ora
1672 866 1732 907 ‘75

264 933 445 984 Eruere,
465 937 511 975 et
528 946 693 975 saevam
712 931 919 974 bellando
938 931 1132 986 frangere
1150 938 1336 988 gentem.

267 1001 472 1055 Cumque
491 1001 652 1042 domus
674 1006 842 1052 contra,
863 1005 1120 1056 stantesque
1141 1003 1186 1043 in
1204 1002 1355 1044 littore
1376 1002 1485 1053 nati,

266 1069 459 1112 Dulcius
481 1067 662 1110 Edonas
681 1068 876 1124 hyemes,
899 1067 1162 1124 Arctonque
1185 1069 1445 1112 frementem

266 1177 354 1200 rores
367 1167 485 1199 colasse
499 1167 532 1198 in
548 1167 705 1199 thalamis.
753 1168 797 1200 Ut
812 1178 884 1200 vero
898 1169 1079 1201 secretiores
1093 1169 1210 1201 oedium
1229 1173 1338 1211 partes
1357 1169 1488 1212 replevit
1502 1169 1653 1202 involutis
1664 1178 1731 1201 ser-

265 1211 425 1252 pentibus,
447 1213 477 1241 et
491 1220 596 1242 omnes
602 1210 693 1249 sores
707 1212 826 1243 crudeli
836 1221 976 1252 panorm
998 1222 1053 1244 nec
1066 1213 1217 1244 miserata
1231 1216 1276 1244 est
1289 1212 1431 1253 subditos
1443 1213 1555 1255 fidelis
1567 1212 1732 1252 coniugi-u·

267 1254 389 1289 statim,
404 1254 512 1284 molles
527 1253 712 1294 Cupidines,
725 1254 923 1294 migr-avisnis
936 1265 952 1286 e
967 1255 1082 1286 Lemno
1093 1265 1106 1292 ,·
1118 1255 1189 1294 suit
1201 1256 1347 1296 expulsus
1362 1255 1502 1297 Hymen,
1520 1259 1553 1287 et
1568 1256 1659 1287 taedae
1677 1265 1732 1287 ex-

266 1296 387 1336 tinctoe,
403 1299 434 1327 et
449 1305 535 1327 amor
551 1296 689 1335 legitimi
703 1296 833 1329 thalami
849 1298 990 1338 elanguit
999 1308 1012 1335 ,·
1026 1299 1118 1329 nnllae
1136 1294 1241 1330 noctes
1260 1295 1461 1330 reverluntur
1476 1298 1511 1330 in
1531 1295 1733 1339 voluptatem,

267 1339 374 1370 nullus
390 1346 515 1370 somnus
528 1341 575 1370 est
589 1339 621 1369 in
637 1335 794 1380 amplexu,
805 1347 891 1372 acres
906 1338 1017 1381 ubique
1031 1341 1218 1380 simultates,
1234 1344 1264 1374 et
1275 1340 1404 1380 Rabies,
1419 1351 1456 1372 ac
1470 1340 1639 1372 Discordia
1645 1340 1733 1379 jacet

267 1381 302 1412 in
315 1380 415 1412 medio
430 1381 536 1412 cubili.
587 1382 722 1413 Unicum
735 1382 815 1414 viris
829 1383 969 1414 Lemniis
981 1383 1120 1415 studium
1143 1387 1209 1415 erat
1233 1383 1426 1425 profligan&
1439 1383 1585 1425 superbos
1599 1383 1734 1415 Thraces

266 1425 302 1455 in
317 1424 459 1465 opposita
472 1425 580 1464 plaga,
595 1434 631 1455 ac
646 1426 791 1457 domandi
806 1426 905 1457 armis
919 1425 1084 1457 barbaram
1097 1426 1267 1458 nationem.
1310 1427 1357 1458 Et
1369 1436 1439 1458 cum
1449 1426 1611 1458 domicilia
1627 1435 1734 1457 eorum

268 1470 370 1500 essent
386 1466 420 1498 in
435 1470 613 1508 conspectu,
634 1471 665 1499 et
678 1468 749 1500 nati
763 1469 846 1510 ipsos
860 1472 1062 1510 expectarent
1079 1478 1174 1510 supra
1188 1469 1303 1510 ripam,
1322 1469 1450 1509 gratius
1469 1472 1573 1504 tamen
1586 1471 1656 1501 emt
1669 1468 1735 1500 iuis

879 1550 1119 1564 OOOOOOOOOOOO

266 1594 375 1639 bent:
401 1607 503 1640 Nulla
522 1607 603 1639 Deoe
622 1609 804 1640 sedes.—6⁷
830 1608 1016 1640 Tractarent
1031 1617 1075 1640 ex
1089 1607 1292 1650 quibusdam
1309 1607 1412 1641 codd.
1427 1607 1565 1640 notavit
1586 1606 1735 1640 Linden-

269 1648 432 1692 brogius3
461 1650 637 1690 Vulgarent
664 1655 778 1683 tamen
806 1651 969 1682 exhibent
994 1652 1085 1683 Dan.
1114 1651 1196 1683 Put.
1218 1649 1343 1682 Petav.
1358 1652 1466 1692 Lnng.
1483 1651 1586 1683 Laut.
1601 1650 1736 1682 anlid.

270 1693 422 1734 Lipsian.
451 1696 598 1734 uterque
624 1694 747 1725 Behot.
775 1693 937 1726 Petrens.
963 1694 1049 1725 Exc.
1071 1693 1215 1726 cantab.
1231 1692 1336 1724 Aldd.
1351 1692 1461 1725 Coli'n.
1477 1693 1610 1735 Gryph.
1629 1693 1733 1725 Basil.

269 1737 386 1768 Piant.
408 1736 553 1767 Gevart.
578 1739 733 1768 scm—68
755 1736 838 1768 Put.
863 1740 961 1778 nupta
986 1736 1232 1777 replesset.—70
1254 1736 1418 1777 Optimus
1443 1736 1553 1768 codex
1578 1736 1734 1768 Bai-thil:

269 1789 286 1810 e
302 1779 514 1811 Lemno.—7l
541 1779 692 1820 ‘Inepta
709 1779 902 1820 scriptura3
927 1789 1028 1820 qnam
1057 1784 1171 1810 tamen
1197 1788 1315 1810 omnes
1341 1779 1418 1811 libri
1442 1778 1613 1811 retineam·
1648 1779 1735 1812 Quis

269 1825 376 1863 neget
403 1821 589 1863 Papinium
621 1822 801 1862 scripsisse
826 1822 961 1863 potius?
975 1822 1114 1861 fugistis
1127 1822 1272 1859 Amores,
1295 1821 1408 1853 Mutus
1422 1820 1561 1863 Hymen,
1582 1830 1737 1863 versaque

271 1865 383 1897 Faces.
429 1864 464 1895 It
477 1864 606 1904 frigida
619 1865 704 1903 justi
721 1865 806 1896 Cum
821 1865 898 1896 tori.
945 1865 1096 1905 Vulgata
1120 1865 1260 1906 Papinii
1284 1864 1390 1896 lectio
1416 1865 1522 1896 etiam
1546 1864 1580 1895 in
1605 1865 1736 1906 optimo

270 1907 359 1940 libro
391 1911 510 1939 nostro
543 1913 734 1948 comparet,
765 1908 824 1939 sed
858 1917 964 1948 supra
998 1908 1129 1948 scripta
1157 1908 1247 1939 intra
1272 1907 1379 1939 lineas
1416 1906 1540 1938 vocula
1567 1907 1629 1946 tel,
1657 1917 1736 1949 quae

270 1950 423 1981 varietas
445 1949 603 1982 lectionis
636 1950 787 1991 alioquin
816 1949 1009 1988 indicatur-3
1042 1960 1117 1990 qnae
1147 1950 1214 1981 isto
1244 1950 1331 1990 loco,
1358 1949 1557 1990 negligente
1586 1948 1736 1989 librario,

273 1994 397 2025 omissa
413 1997 477 2024 est.
525 1992 636 2024 Nobis
652 1998 767 2024 tamen
784 1993 943 2024 veritatis
959 1992 1170 2024 inveniendae
1188 1993 1405 2024 occasionem
1424 1990 1597 2032 praebuit.’
1619 1991 1739 2024 Barth.

272 2038 357 2067 -75
382 2034 530 2067 ‘Lectio
566 2040 737 2076 suspecta,
775 2045 851 2066 cum
887 2037 1012 2067 tertius
1050 2045 1153 2076 snpra
1187 2044 1303 2067 versus
1332 2034 1452 2066 eadem
1487 2042 1572 2066 voce
1597 2034 1738 2075 incepe-

273 2078 331 2112 rit.
386 2078 508 2110 Nullos
541 2083 655 2110 tamen
693 2078 798 2114 libros
836 2078 936 2110 video
970 2077 1152 2120 quicquam
1185 2082 1319 2109 mutare
1350 2076 1530 2109 volentes!
1551 2077 1738 2109 Idem—78

274 2121 429 2153 AEdonias
457 2121 566 2163 Lang.
602 2122 703 2154 Laut.
737 2120 871 2153 Buslid.
903 2121 1058 2162 Lipsian.
1094 2122 1184 2152 Dan.
1224 2120 1305 2152 Put.
1335 2119 1460 2152 Petav.
1491 2119 1607 2164 Aldu..
1626 2119 1738 2154 Colin.

933 2205 1078 2239 NOTAE

315 2275 360 2307 66
383 2259 553 2305 Tartareas
565 2272 703 2314 sorores]
718 2273 850 2305 Furias.
1076 2274 1117 2304 71
1143 2271 1287 2314 Hymen]
1308 2272 1406 2304 Deus
1420 2270 1629 2312 nuptiarum.
1666 2271 1738 2303 Ver·

317 2329 360 2359 67
377 2325 547 2365 Implicitas
560 2322 742 2363 Anguibus]
758 2322 870 2354 Furiae
889 2322 979 2354 enim
1033 2332 1134 2364 saeque
1147 2323 1254 2364 faces]
1284 2322 1327 2354 Id
1357 2326 1424 2361 est,
1453 2321 1632 2361 extinctae,
1658 2322 1739 2364 qnia

276 2385 406 2418 angues
423 2375 563 2414 habent,
586 2374 645 2416 qui
668 2373 732 2405 sibi
755 2373 902 2405 invicem
920 2373 979 2404 im·
1035 2374 1130 2406 faces
1160 2374 1391 2410 invertuntur,
1416 2376 1455 2404 ut
1480 2373 1738 2413 extinguantur.

276 2429 463 2470 plicantur.
1036 2425 1141 2457 Faces
1167 2434 1249 2455 vero
1276 2423 1406 2465 nuptiis
1421 2422 1576 2456 adhiberi
1592 2422 1665 2464 jam
1678 2421 1740 2454 ob-

320 2480 363 2509 69
389 2476 468 2508 Fidi
497 2477 643 2517 populum
680 2474 805 2516 mariti]
843 2474 885 2506 Id
915 2478 981 2514 est,
1031 2473 1254 2506 servavimus.
1491 2470 1495 2474 ’

277 2528 512 2568 Lemniacum.
551 2528 704 2559 Lemnos
733 2526 823 2558 enim
848 2529 925 2557 erat
945 2525 980 2556 in
1078 2527 1119 2556 75
1150 2522 1252 2564 Viris]
1268 2522 1428 2565 Lemniis.
1462 2520 1738 2561 Adversas-ora]

278 2581 392 2612 tutela
405 2579 567 2616 Vulcani,
587 2578 644 2619 qui
665 2581 741 2610 erat
755 2577 896 2608 maritus
912 2577 980 2608 Ve-
1035 2574 1182 2606 Thracia
1207 2574 1297 2606 enim
1334 2574 1461 2618 Lemno
1489 2571 1608 2604 insulae
1631 2579 1739 2613 oppo-

278 2631 382 2663 neris.
426 2628 518 2668 Fidi]
540 2629 631 2662 Quia
657 2627 833 2659 Vulcanus
857 2635 981 2667 peper-
1035 2625 1112 2657 sita.

279 2686 376 2712 cerat
404 2678 503 2710 uxori
528 2677 715 2716 adulteram
740 2681 778 2709 et
792 2681 830 2708 ut
845 2676 920 2720 ipsa
935 2677 981 2707 lo-
1079 2678 1122 2707 78
1145 2673 1298 2714 Dulcius]
1320 2671 1540 2714 Supple,his,
1564 2679 1626 2703 sen
1642 2670 1742 2703 Lem-

280 2731 396 2772 quitur
412 2729 519 2761 Theb.
532 2738 590 2761 ιιι.
614 2729 622 2745 ‘
639 2728 685 2761 Et
710 2727 783 2760 laesi
810 2725 917 2760 servit
933 2731 981 2759 ta·
1037 2725 1215 2766 niis‚erat.
1260 2722 1402 2763 Edonas]
1425 2721 1467 2754 Id
1483 2727 1550 2762 est,
1563 2721 1740 2762 Thi-scits,
1783 2743 1797 2767 4

280 2780 359 2812 men
375 2781 424 2812 ira
438 2779 576 2811 mariti.'
1037 2777 1120 2818 quia
1134 2775 1245 2810 Edoni
1261 2773 1418 2807 Thraciae
1432 2773 1562 2816 populi.
1603 2772 1739 2813 Anione
1799 2795 1817 2811 >.
