1820 3068
211 203 325 246 1084

209 307 328 350 Ante
349 307 523 358 ducem,
544 320 792 363 prensaque
813 310 935 353 levat
952 312 1150 366 suspiria
1170 312 1336 367 palma.

211 374 350 416 Finiti
370 387 544 425 curSUS,
565 388 838 431 operumque
859 378 1051 431 insignia
1070 383 1250 432 praesto.

208 439 353 482 Arcas
375 454 539 494 equum
558 442 687 492 dono,
711 444 915 497 clypeum
935 445 1043 497 gerit
1061 445 1291 500 improbus
1312 445 1436 498 Idas,

208 507 371 550 Cetera
388 509 518 563 plebs
539 509 694 563 Lyciis
715 512 881 563 gaudet
900 516 1106 554 contenta
1124 513 1359 567 pharetris.

206 575 336 616 Tunc
354 581 503 626 vocat,
524 577 688 618 emisso
709 578 748 618 si
769 579 871 632 quis
892 578 1125 620 decernere
1148 580 1277 622 disco

207 641 415 696 Impiger,
437 647 483 685 et
501 644 622 686 vires
641 644 752 687 velit
773 649 997 688 ostentare
1019 648 1251 702 superbas.

207 709 251 751 It
265 710 419 764 jussus
441 711 660 762 Pterelas,
680 716 728 753 et
748 711 878 755 aenae
895 713 1066 755 lubrica
1088 727 1248 756 massae

206 777 416 820 Pondera
436 779 515 821 vix
535 783 630 821 toto
650 786 863 822 curvatus
884 793 1068 835 corpore
1082 781 1220 836 juxta

204 845 374 900 Dejicit
392 859 402 888 :
434 847 685 901 inspectant
703 849 846 900 taciti,
863 848 1209 904 expenduntque
1229 849 1425 892 laborem

204 912 450 955 Inachidae.
506 913 620 956 Mox
640 916 775 958 turba
792 921 946 958 ruunt:
967 914 1056 958 duo
1077 917 1218 970 gentis
1238 916 1438 970 Achaeae,

202 979 314 1021 Tres
333 980 647 1036 Ephyreiadae,
669 982 781 1025 Pisa
801 987 925 1027 satus
946 996 1077 1035 unuS‚
1098 983 1307 1027 Acarnan

710 215 750 246 P.
784 216 973 248 PAPIRI!
1008 217 1174 249 S'rA'rn

1577 853 1667 895 650

201 1086 300 1119 ritum
313 1089 418 1130 reficit
431 1094 574 1131 correpta
584 1092 700 1132 palma.
737 1091 868 1124 Peracta·
882 1102 1002 1132 cursus,
1017 1095 1048 1125 et
1063 1103 1179 1126 merces
1192 1094 1332 1126 laborum
1341 1097 1458 1135 praesto
1472 1097 1532 1126 est.
1561 1094 1666 1126 Arcas

200 1139 278 1170 equo
303 1132 450 1173 donatur,
476 1131 631 1173 malignus
654 1135 731 1166 Idas
755 1134 855 1173 refert
875 1139 1011 1175 scutum,
1033 1136 1184 1176 reliquum
1204 1138 1320 1177 vulgus
1342 1139 1470 1169 laetmr
1486 1139 1666 1169 cameratum

200 1171 309 1213 Lyciis
319 1174 488 1215 pharetris.
517 1176 602 1208 Tunc
616 1177 742 1217 clamat,
757 1177 867 1218 siquis
880 1181 1027 1209 strenuus
1033 1178 1123 1217 J'acto
1137 1180 1221 1210 disco
1236 1180 1313 1211 velit
1325 1184 1457 1216 certare,
1473 1184 1504 1212 et
1519 1179 1664 1212 immanis

199 1215 320 1247 roboris
339 1218 493 1257 specimen
512 1220 598 1250 dare.
646 1220 790 1252 Pterelas
803 1220 915 1259 jussus
931 1220 1032 1258 vadit,
1047 1224 1078 1252 et
1089 1221 1225 1263 flectens
1243 1226 1344 1254 totum
1359 1232 1471 1264 corpus
1490 1223 1548 1254 vix
1569 1231 1665 1263 prope

199 1257 308 1296 deficit
332 1259 483 1292 lubricam
506 1262 618 1294 molem
629 1262 716 1293 a‘e'noe
729 1273 849 1294 mussoe.
899 1263 1008 1294 Groeci
1021 1263 1148 1295 silentes
1162 1264 1336 1305 intuentur,
1360 1268 1392 1296 et
1417 1265 1598 1297 examinant
1615 1265 1663 1296 la-

199 1298 314 1334 borem.
357 1303 440 1334 Mox
451 1303 577 1345 prosilit
592 1305 781 1338 muuitudo:
794 1307 854 1337 duo
868 1305 1004 1338 nationis
1018 1306 1157 1348 Achoeoe,
1171 1310 1236 1340 cres
1250 1307 1474 1348 Corinthiam,
1488 1317 1568 1339 unm
1582 1307 1665 1340 Pin

811 1399 1028 1413 Oeeeoooaeeeo
1032 1400 1050 1412 Ο

199 1459 276 1501 cap.
290 1453 323 1500 ⁴:
345 1455 578 1493 p.592.-642
600 1454 692 1487 Edd.
717 1460 804 1489 vett.
823 1466 993 1507 pressaque
1003 1457 1085 1488 levat
1098 1466 1112 1505 ξ
1144 1456 1236 1488 Dan.
1259 1465 1428 1505 pressaque
1444 1455 1557 1529 givet),-
1580 1453 1663 1529 ’Nice

197 1493 1663 1582 33¹1,ss&ss2·.‡0¹22²”fx‘¹:;5itfflfflfffflssztffifflffl:‘tm-⁰348·pm,

198 1578 324 1613 Behot.
343 1583 373 1613 1.
401 1590 464 1622 pro
490 1591 557 1624 quo
584 1582 671 1615 alter
695 1584 823 1617 Behot.
845 1584 952 1617 habet
979 1584 1249 1618 Stoicum—652
1272 1583 1464 1626 Ephyriadae
1487 1583 1662 1616 Behotfl.

857 1670 892 1703 N
897 1670 1002 1703 OTAE

957 1744 1017 1768 cus
1043 1739 1119 1767 erat
1148 1734 1297 1767 rotunda
1324 1734 1432 1766 moles
1463 1743 1578 1775 saxea,
1606 1733 1661 1766 vel

957 1786 1129 1828 plumbea,
1152 1789 1189 1818 et
1210 1785 1339 1826 ferrea,
1360 1785 1456 1827 cujus
1475 1785 1578 1827 jactu
1601 1784 1661 1826 ju-

197 1729 299 1763 Quod
329 1730 446 1763 laudes
481 1731 547 1763 sibi
573 1741 650 1764 suas
675 1733 834 1767 occinere
857 1734 902 1767 de

188 1788 290 1812 ‘more
306 1780 573 1815 Hieronicarum
590 1784 737 1817 voluerit
755 1784 902 1818 Parthe-

193 1840 348 1873 nopaens.
370 1832 539 1865 Bar-thius.
743 1839 745 1841 ’

238 1883 302 1913 642
314 1882 493 1924 Prensaque
502 1884 699 1928 [pressaque]
706 1885 788 1919 levat
798 1886 899 1928 suspi-

193 1930 244 1963 ria
255 1932 377 1974 palma]
394 1933 538 1965 Gestum
554 1944 685 1976 eorum,
699 1936 759 1977 qui
775 1936 899 1977 rapido

193 1984 231 2013 et
251 1982 372 2014 anhelo
395 1992 495 2014 cursu
514 1983 763 2026 defatigantur,
785 1986 900 2027 expri-

193 2032 275 2065 mit:
299 2033 412 2066 solent
427 2033 516 2065 enim
533 2034 716 2075 plurimum
732 2045 898 2077 appr-essa

194 2083 237 2114 ad
262 2083 351 2115 latus
371 2084 500 2125 palma,
522 2094 583 2116 seu
607 2095 722 2127 manu,
739 2086 896 2118 anhelum

191 2134 350 2175 spiritum
365 2135 531 2176 paulatim
551 2134 707 2179 reficere,
723 2146 764 2169 ae
779 2140 898 2169 exten-

191 2184 288 2216 dere.

233 2237 297 2267 643
342 2234 506 2276 Insignia]
549 2236 701 2269 Praemia
735 2236 900 2279 victoriae,

192 2293 270 2327 quae
287 2284 425 2316 virtutis
441 2285 588 2326 insignia
603 2290 696 2318 sunt.

232 2338 296 2368 645
320 2335 429 2377 Lyciis
436 2334 613 2377 pluaretris]
636 2335 678 2368 Id
702 2340 768 2373 est,
781 2335 814 2368 in
830 2337 898 2378 Ly-

191 2385 245 2418 cia
278 2384 462 2426 confectis,
487 2385 544 2417 ubi
577 2386 716 2427 optirnae
757 2385 898 2419 fiebant.

191 2434 299 2477 Lycia
314 2440 431 2467 autem
449 2435 544 2476 regio
559 2435 653 2468 Asiae
666 2437 811 2468 Minoris
826 2437 895 2469 sita

189 2486 280 2518 inter
295 2485 532 2527 Pamphyliam
549 2491 585 2518 et
602 2487 752 2528 Cariam,
771 2488 893 2520 urbem

187 2535 319 2567 habens
348 2536 511 2567 Pataram
553 2537 694 2569 oraculo
727 2537 894 2580 Apollinis

190 2585 380 2626 celebrem,
395 2585 487 2617 unde
511 2585 658 2628 ‘Lycius
671 2586 682 2601 ’
705 2591 743 2620 et
768 2589 778 2607 ‘
791 2589 896 2622 Pata-

190 2645 281 2667 raeus
293 2635 303 2651 ’
327 2639 468 2668 vocatus
484 2640 550 2669 est.

234 2687 299 2717 646
321 2686 407 2717 Tunc
428 2687 533 2728 vocat]
552 2686 696 2729 simple,
713 2688 897 2730 Adrastus,

181 2735 247 2779 qui
261 2735 471 2778 praesidebat
483 2736 534 2769 his
544 2736 645 2770 ludis.
689 2737 802 2783 Disco]
817 2740 897 2772 Dis·

956 1845 1062 1868 venes
1077 1835 1168 1868 inter
1188 1845 1225 1867 se
1241 1835 1444 1868 certabant:
1467 1834 1585 1868 fortior
1601 1835 1661 1877 ju·

956 1885 1135 1927 dicandus,
1161 1886 1218 1928 qui
1234 1891 1295 1918 ant
1316 1885 1419 1918 altius
1441 1885 1475 1917 in
1501 1885 1660 1926 sublime,

951 1942 1012 1969 aut
1032 1937 1167 1977 longius
1188 1937 1223 1969 in
1249 1939 1366 1968 tractu
1391 1936 1659 1978 ultraYdesigna-

952 1991 1024 2018 tum
1048 1986 1196 2027 spatium
1222 1986 1439 2028 projecisset.
1483 1985 1552 2020 Qui
1567 1986 1657 2027 ejus·

951 2036 1043 2069 modi
1079 2036 1161 2068 ludo
1195 2035 1460 2074 exercebantur,
1491 2041 1658 2069 vocantur

951 2087 1064 2120 Plinio
1086 2086 1097 2104 ‘
1109 2085 1303 2119 discoboli.’
1447 2094 1454 2112 ¹

994 2139 1059 2169 648
1081 2135 1236 2177 Lubrica]
1261 2136 1354 2170 Quia
1377 2134 1481 2168 facile
1504 2134 1659 2169 elabeba-

951 2190 1009 2219 tnr
1022 2186 1177 2218 manibus
1193 2185 1238 2218 ob
1251 2185 1442 2217 levitatem.

994 2240 1059 2268 649
1079 2236 1143 2268 Vix
1157 2239 1222 2267 toto
1233 2238 1381 2267 curvatas
1394 2235 1536 2277 conpore]
1552 2235 1654 2270 Quod

952 2286 1067 2319 discus
1095 2286 1153 2318 ille
1183 2285 1366 2318 admodum
1397 2287 1509 2327 gravis
1535 2291 1655 2327 essen

951 2346 1029 2368 nam
1045 2335 1163 2377 gravia
1178 2335 1392 2376 deponentes
1410 2335 1581 2368 incurvari
1596 2346 1655 2368 ne·

951 2396 1050 2419 cesse
1065 2390 1132 2427 est,
1155 2385 1285 2427 alioqui
1298 2385 1334 2417 in
1349 2385 1457 2427 pedes
1472 2395 1578 2422 onera
1592 2386 1654 2419 de-

948 2437 1117 2470 ciderent.

990 2490 1054 2519 650
1078 2485 1330 2527 expenduntque
1352 2484 1503 2526 laborem]
1524 2485 1568 2518 Id
1583 2490 1652 2527 est,

949 2539 1115 2579 reputant
1139 2535 1265 2575 animo,
1288 2544 1355 2576 quo
1380 2539 1578 2577 quantoque
1601 2536 1650 2567 la·

948 2588 1032 2620 bore
1048 2587 1106 2618 ille
1122 2586 1233 2617 discus
1249 2583 1481 2626 projiciendus
1496 2589 1584 2617 erat.

989 2639 1052 2669 651
1077 2633 1252 2674 Inachidae]
1282 2633 1415 2675 Argivi.
1461 2633 1577 2665 Gentis
1600 2635 1649 2667 A.

947 2685 1057 2726 chaeoe]
1080 2683 1170 2724 Vide
1183 2683 1289 2715 Theb.
1303 2692 1347 2716 ιι.
1359 2684 1434 2715 164.

991 2739 1056 2770 652
1078 2734 1302 2778 Ephyreiadoe]
1323 2732 1565 2776 Corinthiacae,
1586 2742 1646 2769 seu
