1820 3068
213 234 299 277 788
723 245 763 275 P.
797 244 987 276 melun
1021 244 1185 277 STATu

215 340 474 383 Servantem
495 339 657 390 vultus,
677 345 721 381 et
743 344 917 383 torvum
938 340 984 381 in
1002 346 1146 383 morte
1166 347 1368 397 peracta,
1398 332 1404 338 ⁴

214 409 313 451 Nec
331 409 506 461 longum
528 407 739 452 reducem
758 408 915 458 laetati,
936 408 981 449 in
1002 412 1124 451 tecta
1144 410 1356 453 ferebant.
1629 411 1688 454 95

213 476 304 519 Sed
325 476 453 517 ducis
474 475 644 517 infandi
666 476 833 519 rabidae
855 489 948 518 non
967 477 1182 520 hactenus
1203 479 1281 521 irae
1639 474 1642 475 ⁷

214 543 342 586 Stare
363 548 552 598 queunt:
583 548 706 586 vetat
725 545 826 598 igne
847 545 962 599 rapi,
990 558 1242 600 pacemque
1263 547 1458 602 sepulcri

212 611 389 665 Impius
407 611 570 665 ignaris
590 613 891 667 nequicquam
912 614 1122 655 manibus
1142 618 1276 656 arcet.

213 673 286 721 Tu
308 684 453 720 tamen
470 681 672 734 egregius
692 681 789 731 fati,
810 682 1074 736 mentisque,
1094 695 1177 724 nec
1196 695 1394 737 unquam

213 746 451 800 Indignum
472 761 661 802 passure
683 750 834 799 situm,
856 750 935 803 qui
957 750 1157 791 cominus
1178 762 1316 792 ausus
1602 752 1689 795 loo

212 813 394 856 Vadere
416 819 689 858 contemtum
710 818 842 871 regis,
864 831 1043 872 quaque
1066 817 1220 873 ampla
1237 818 1406 860 veniret.

212 937 244 967 et
261 944 354 975 uxor,
368 945 429 966 non
446 935 501 967 diu
513 936 618 975 gavisi
633 936 699 975 ejus
720 936 836 972 reditu,
852 937 975 967 domum
989 935 1171 977 portabant,
1185 936 1343 975 ferociam
1364 947 1458 978 quam
1479 937 1631 970 habuerat
1653 938 1690 970 in

214 978 305 1009 vultu
319 978 518 1015 retinentem,
531 982 562 1010 et
577 980 677 1011 adhuc
692 979 862 1010 minantem
878 983 977 1010 morte
1001 979 1099 1011 obita.
1145 979 1210 1011 Sed
1231 980 1362 1012 rabidus
1374 980 1474 1019 sur-or
1493 981 1616 1013 scelesti
1637 984 1689 1022 ty-

212 1021 309 1052 ranni
324 1020 472 1052 hactenus
486 1022 558 1053 sisti
570 1032 630 1053 nan
642 1025 757 1063 potest.
806 1022 958 1053 Prohibet
973 1022 1089 1062 impius
1105 1033 1215 1063 corpus
1229 1024 1378 1063 eremari,
1389 1027 1420 1055 et
1434 1023 1567 1065 quietem
1577 1025 1690 1056 tumuli

204 1063 333 1102 frustra
352 1064 465 1095 adimit
478 1065 595 1096 umbris
616 1075 678 1096 non
702 1065 895 1097 curantibus.
943 1065 991 1095 Tu
1006 1069 1110 1097 tamen
1125 1066 1242 1098 eximia
1263 1069 1349 1098 sorte
1362 1070 1394 1097 et
1416 1067 1533 1107 animo,
1557 1070 1587 1098 et
1608 1077 1688 1098 nun-

213 1117 306 1148 quam
319 1108 421 1139 lature
433 1107 623 1140 immeritam
641 1109 836 1150 oblivionem,
858 1108 910 1149 qui
924 1109 1005 1139 iram
1025 1108 1112 1148 regis
1127 1119 1222 1141 ausus
1236 1119 1271 1142 es
1285 1109 1423 1145 caminus
1437 1114 1642 1151 contemnere,
1656 1114 1690 1142 et

828 1204 1007 1216 ‘Omu
1011 1205 1072 1217 ‘N

217 1267 383 1299 Concussae
395 1277 458 1308 pro
471 1277 502 1300 v.
517 1268 541 1299 l.
557 1268 591 1300 in
607 1269 729 1301 codice
746 1270 1037 1303 Ba1·thiano.—94
1061 1272 1070 1289 ‘
1084 1271 1250 1304 Voculam
1274 1272 1308 1303 in
1325 1281 1389 1303 non
1407 1274 1602 1312 agnoscunt
1618 1281 1689 1304 om·

214 1310 309 1342 nium
327 1311 621 1352 praestantissimae
645 1313 877 1345 membranae!
899 1314 1106 1346 Barth.-95
1132 1315 1204 1347 Non
1218 1316 1345 1355 long-mn
1361 1315 1450 1346 Dan.
1467 1315 1549 1346 Put.
1568 1315 1690 1348 Petnv.

215 1354 324 1394 Lang.
343 1354 444 1386 Laur.
460 1355 595 1386 Buslid.
624 1355 779 1396 Lipsian.
808 1362 955 1397 uterque
984 1358 1110 1389 Behot.
1139 1367 1258 1389 omnes
1285 1357 1478 1397 Euthiam,
1504 1357 1684 1398 Gronovii,

215 1396 335 1429 Burni.
351 1397 489 1429 Taurin.
504 1398 666 1430 Petrens.
685 1400 769 1431 Exc.
786 1399 931 1431 Cantab.
945 1400 1087 1432 Venett.
1104 1403 1137 1432 3.
1154 1404 1187 1433 4.
1197 1401 1296 1433 Rom.
1310 1400 1416 1433 Aldd.
1429 1400 1541 1432 Colin.
1555 1400 1689 1442 Grypb.

215 1439 320 1471 Basil.
339 1440 617 1472 Plant.Gevart.
637 1442 794 1475 Grasser.
823 1443 1055 1484 Lindenbrog.
1083 1444 1185 1476 eruc.
1211 1443 1359 1476 Amstel.
1385 1444 1537 1476 Gronov.
1562 1443 1683 1476 Barth.

214 1482 324 1514 Veen.
343 1489 379 1514 et
396 1484 521 1525 Deluh.
546 1485 615 1516 Nec
630 1485 755 1525 longum
770 1486 841 1516 sola
858 1486 1059 1527 Bipontiua,
1083 1486 1172 1518 unde
1197 1487 1418 1519 nescim—96
1442 1487 1554 1528 Lang.
1579 1487 1689 1519 haur.

214 1525 350 1558 Buslid.
391 1527 543 1567 Lipsian.
581 1529 734 1560 nonnulli
771 1529 964 1569 Bai-thiam,
993 1539 1080 1560 unns
1111 1530 1236 1561 Bebot.
1274 1529 1379 1562 Aldd.
1412 1529 1526 1562 Coliu.
1556 1529 1691 1570 Gryph-

216 1568 323 1600 Basil.
352 1569 468 1602 Plant.
498 1570 642 1603 Gevart.
677 1577 715 1602 et
746 1571 907 1605 Grasser.
936 1572 1080 1612 rapiaae;
1115 1573 1256 1613 optimae
1295 1572 1431 1604 Barthii
1469 1572 1689 1611 membranae,

216 1612 304 1644 alter
321 1613 447 1644 Beliot.
474 1613 562 1645 Dan.
590 1615 672 1646 Put.
699 1615 825 1647 Petav.
853 1616 992 1647 Venett.
1023 1616 1122 1647 Rom.
1153 1615 1384 1656 Lindenbrog.
1413 1615 1516 1647 Cruc.
1542 1614 1691 1649 Amstel.

215 1654 370 1687 Gronov.
395 1656 517 1687 Barth.
555 1657 666 1689 Veen.
697 1662 734 1689 et
774 1659 902 1699 Delpli.
941 1658 1181 1690 rubiam—100
1219 1658 1274 1690 Sic
1308 1659 1438 1697 dignum
1478 1658 1567 1690 Dan.
1603 1658 1688 1691 Put.

215 1697 343 1730 Petav.
375 1699 518 1731 Venett.
545 1700 642 1732 Rom.
672 1700 905 1742 Lindeubrog.
932 1705 969 1733 et
999 1701 1101 1733 Cruc.
1130 1701 1270 1733 inclusis
1306 1700 1501 1742 parenthesi
1525 1700 1688 1741 vocibus;

215 1740 255 1772 Si
267 1742 399 1781 dignum
417 1747 563 1783 uterque
579 1743 704 1774 Behot.
721 1743 781 1774 sed
799 1744 831 1774 in
850 1745 958 1775 altero
972 1743 1011 1774 τὸ
1026 1744 1038 1774 i
1053 1744 1194 1775 ductum
1215 1748 1291 1775 erat
1308 1753 1371 1784 per
1390 1744 1526 1775 lituram
1541 1753 1551 1782 ;
1574 1743 1689 1784 Indig-

214 1794 291 1816 num
318 1785 424 1824 Lang.
451 1786 554 1817 Laur.
583 1787 736 1826 Lipsian.
762 1786 895 1819 Buslid.
923 1788 1081 1818 Petrens.
1109 1787 1228 1819 Burm.
1258 1786 1399 1818 Taurin.
1426 1787 1513 1818 Exc.
1540 1786 1688 1824 Cantab-

215 1827 322 1859 Aldd.
337 1827 449 1859 Colin.
467 1828 600 1869 Gryph.
621 1829 728 1861 Basil.
749 1829 868 1861 Plani.
887 1829 1029 1862 Gevart.
1051 1829 1212 1861 Grasser.
1228 1829 1373 1862 Amstel.
1395 1829 1550 1861 Gronov.
1567 1829 1690 1863 Barth.

217 1870 328 1902 Veen.
345 1875 380 1901 et
398 1871 524 1911 Delpb.
570 1872 580 1889 ‘
596 1872 654 1903 Sic
680 1871 809 1903 habent
836 1873 943 1904 etiam
971 1874 1110 1913 optimae
1134 1872 1354 1914 membranae,
1371 1881 1434 1904 nec
1461 1873 1572 1904 minus
1600 1873 1690 1905 aliae.

217 1913 325 1945 Nulla
341 1914 531 1945 mutatione
548 1924 636 1955 opus
660 1914 736 1947 est!
752 1915 872 1946 Barth.
899 1916 1069 1947 comminus
1094 1914 1304 1947 Aldd.—-101
1328 1917 1338 1933 ‘
1354 1915 1398 1947 In
1423 1915 1627 1948 nonnemine
1649 1915 1690 1947 li-

216 1956 356 1988 brorum
383 1957 520 1989 invenio
549 1967 655 1997 regem
665 1969 678 1996 ;
709 1958 880 2000 quomodo
908 1959 1014 1990 scribi
1042 1958 1152 1990 voluit
1180 1959 1332 1992 ‚loannes
1360 1957 1563 2000 Barclaius3
1596 1958 1689 2000 quod

217 1999 356 2031 minime
385 2000 572 2031 absurdum
596 2005 707 2033 sonat.
753 2001 848 2033 Nihil
874 2005 987 2032 tamen
1019 2004 1148 2032 temere
1177 2000 1406 2034 mutaverim!
1433 2000 1550 2033 Bertlt.
1591 2002 1688 2033 Unus

218 2042 343 2074 Bebot.
367 2051 493 2081 regem,-
517 2045 603 2075 alter
627 2044 752 2076 Behot.
777 2054 890 2084 regem
913 2045 1001 2076 Dan.
1030 2044 1112 2076 Put.
1132 2044 1256 2076 Petav.
1281 2044 1392 2086 Lang.
1416 2045 1517 2077 Laut.
1537 2044 1690 2085 Lipsien-

218 2085 352 2118 Buslid.
376 2086 519 2118 Taurin.
544 2087 704 2119 Petrens.
733 2087 818 2119 Exc.
843 2087 991 2121 Cantab.
1017 2087 1131 2119 Burm.
1156 2088 1299 2120 Venett.
1322 2089 1422 2120 Rom.
1445 2087 1552 2120 Aldd.
1575 2087 1687 2120 Colin.

263 2249 304 2278 94
329 2246 516 2279 Servantem
545 2250 664 2289 vultus,
690 2253 721 2280 et
752 2252 874 2280 torvum
894 2249 930 2280 in
984 2252 1097 2288 eraut,
1122 2253 1158 2279 et
1175 2248 1232 2290 qui
1257 2247 1421 2289 insepulti
1447 2247 1691 2289 remanebant,

219 2300 319 2329 nwrte
328 2299 473 2339 peracta]
497 2298 681 2330 Sallustius
697 2299 741 2330 de
757 2299 927 2331 Catilina:
983 2298 1114 2340 vagari,
1134 2303 1171 2330 et
1193 2298 1366 2339 inquietas
1382 2294 1469 2330 esse.
1512 2297 1523 2315 ‘
1541 2297 1689 2330 centum

221 2348 231 2365 ‘
245 2347 439 2386 Ferociam,
454 2357 556 2389 quam
579 2348 674 2380 vivus
689 2348 870 2388 babuerat,
893 2349 927 2380 in
983 2353 1099 2381 errant
1116 2346 1244 2380 annos.'
1286 2347 1376 2380 Vide
1392 2347 1503 2380 Theb.
1521 2355 1563 2379 11.
1577 2350 1654 2382 2⁹5.

220 2398 319 2429 vultu
336 2398 514 2431 retinens.'
559 2399 667 2431 Morte
690 2399 834 2440 peracta]
869 2399 927 2431 Sic
1024 2401 1068 2431 98
1104 2399 1235 2439 Ignaris
1281 2399 1484 2440 nequicquam
1529 2397 1689 2440 manibus]

221 2448 356 2480 Plinius
372 2448 432 2481 lib.
448 2458 509 2480 111.
537 2449 618 2490 Epl.
635 2453 687 2482 14.
711 2451 720 2468 ‘
736 2450 926 2489 Immobilis
983 2450 1062 2481 Hoc
1089 2449 1276 2481 secundum
1309 2449 1510 2490 Epicureos,
1533 2449 1592 2490 qui
1618 2449 1691 2483 ani-

221 2504 259 2531 et
270 2503 433 2531 extentus
446 2499 550 2532 fidem
566 2505 718 2542 peractae
731 2502 851 2534 mortis
867 2502 927 2533 im·
983 2512 1072 2535 mam
1088 2511 1163 2534 cum
1181 2511 1326 2543 corpore
1344 2502 1456 2543 perire
1479 2501 1689 2535 sentiebant.

223 2549 355 2591 plevit.'
399 2549 442 2582 Id
467 2555 534 2592 est,
560 2552 651 2592 quod
675 2553 813 2585 omnino
842 2563 930 2584 mor·
985 2557 993 2570 ⁸
1010 2553 1282 2593 Facilisjactnra
1297 2549 1472 2593 sepulta-il

224 2604 304 2631 tuns
321 2604 423 2631 esset.
1027 2606 1090 2636 100
1106 2603 1278 2643 Indignam
1289 2611 1419 2644 passure
1432 2601 1544 2642 eitum]
1567 2600 1687 2634 Imita-

266 2652 307 2681 95
326 2650 393 2681 Nec
408 2650 534 2690 longum
550 2651 695 2684 reducem
706 2652 825 2693 laetati]
840 2653 930 2686 Quia
984 2657 1041 2685 tur
1056 2654 1240 2695 Virgilium
1264 2654 1339 2685 AEn.
1357 2661 1409 2685 ix.
1429 2652 1440 2669 ‘
1456 2652 1496 2684 Si
1510 2651 1591 2693 quid
1613 2661 1689 2684 mea

225 2709 261 2731 se
278 2700 398 2731 statim
416 2701 558 2732 occidit·
984 2706 1135 2738 carmina
1151 2709 1307 2747 possunt,
1323 2705 1427 2738 Nulla
1442 2703 1517 2736 dies
1538 2713 1687 2746 uuquam

266 2752 309 2781 97
326 2750 500 2791 Pacemque
514 2752 665 2794 sepulcri]
687 2753 836 2786 Veteres
854 2763 929 2786 cre·
983 2756 1128 2788 memori
1142 2765 1201 2788 vos
1215 2754 1343 2789 eximet
1359 2752 1455 2788 aevo!

225 2801 357 2835 debant
373 2803 503 2836 animas
518 2811 635 2837 eorum
654 2805 710 2847 qui
730 2804 821 2838 ferro
837 2806 929 2848 peri-
