1820 3068
219 193 306 235 872

219 299 309 341 Ter
328 300 456 342 nivea
478 300 718 343 scandente
733 302 870 355 juba:
902 304 1016 344 latus
1036 316 1165 345 omne
1186 305 1270 345 sub
1295 305 1433 347 armis

727 207 765 236 P.
800 207 858 237 ΡΑ
871 207 994 237 ΡΙΝΠ
1030 208 1196 239 STATll

1606 308 1691 349 130

222 366 384 408 Ferrea
403 371 507 409 suta
527 372 696 413 terunt:
728 369 936 411 humeros
957 382 1012 411 ac
1033 374 1215 424 pectora
1234 372 1325 413 late

223 434 480 476 Flammeus
501 435 619 476 orbis
639 435 790 486 habet,
811 436 1096 491 perfectaque
1117 439 1229 480 vivit
1249 439 1293 479 in
1315 452 1420 481 auro

223 501 333 542 Nox
354 502 528 544 Danai:
559 506 707 544 sontes
724 503 958 544 Furiarum
978 504 1184 559 lampade
1205 506 1330 558 nigra

223 567 561 623 Quinquaginta
579 570 737 611 ardent
758 569 967 612 thalami:
998 576 1127 624 pater
1146 573 1245 626 ipse
1266 573 1462 615 cruentis

221 635 277 676 In
297 635 466 676 foribus
487 636 724 691 laudatque
742 637 867 678 nefas
889 641 1020 692 atque
1039 638 1225 692 inspicit
1246 653 1392 682 enses.

1603 641 1690 683 135

220 702 355 748 Illum
377 702 585 745 Palladia
605 705 784 758 sonipes
806 705 1047 747 Nemeaeus
1069 707 1126 747 ab
1149 720 1250 749 arce

220 770 415 812 Devehit
435 784 558 812 arma
576 784 760 826 pavenS‚
777 773 1019 826 umbraque
1038 774 1230 816 immane
1249 775 1417 818 volanti

221 838 385 892 Implet
404 851 550 892 agros,
570 839 791 894 longoque
811 840 978 882 attollit
998 841 1182 895 pulvere
1204 855 1424 898 campum.

221 963 315 994 supra
340 953 513 985 eminente.-
536 963 624 986 omne
649 956 733 986 lalus
754 955 810 986 sub
834 955 953 986 armis.-
967 955 1085 994 serreoe
1109 957 1216 988 loricoe
1237 961 1382 999 premant
1399 958 1542 991 humeros
1556 959 1637 1000 eiras,
1657 965 1689 993 et

211 997 345 1036 fulgens
360 997 484 1037 clypeus
498 997 561 1028 late
576 1001 683 1037 pectus
697 998 789 1037 tegit.
834 998 911 1029 Nox
926 999 1036 1030 Danai
1047 999 1186 1039 perfecte
1198 1000 1233 1031 in
1247 1010 1324 1033 auro
1338 1002 1540 1042 exprimitur.
1588 1003 1691 1039 Quin-

221 1039 374 1079 quaginta
388 1042 532 1070 nocentes
543 1040 675 1071 thalami
690 1040 909 1071 illuminantur
932 1041 971 1072 ab
993 1045 1066 1072 atra
1091 1043 1299 1075 Eumenidum
1313 1043 1389 1081 sace
1401 1055 1412 1076 .·
1436 1044 1503 1085 ipse
1515 1046 1642 1084 genitor
1655 1047 1690 1078 in

219 1082 359 1113 cruentis
373 1081 532 1112 liminibus
546 1085 578 1113 et
596 1082 708 1123 probat
722 1085 823 1114 scelus
843 1086 875 1114 et
895 1085 1021 1123 gladios
1035 1085 1187 1118 intuetur.
1232 1086 1342 1127 Equus
1357 1087 1539 1127 Nemeoeus,
1551 1089 1688 1120 nonaum

221 1128 362 1156 assuetae
387 1125 475 1165 bello,
496 1125 621 1156 devehit
646 1125 735 1156 illum
758 1125 797 1156 ab
819 1135 892 1156 arce
914 1126 1070 1168 Palladis,
1091 1131 1120 1159 el
1144 1129 1252 1169 implet
1266 1139 1360 1169 agros
1373 1129 1486 1162 umbra
1498 1130 1624 1163 horride
1637 1141 1690 1163 vo-

838 1221 1077 1234 eeeeeeeeeeee

221 1293 388 1334 denbrog.
403 1293 506 1325 Crnc.
521 1294 662 1325 Gevart.
678 1298 715 1326 et
731 1299 879 1326 recentt.
894 1305 976 1326 cerea
991 1296 1087 1326 cassis
1098 1304 1109 1326 .·
1131 1295 1180 1326 ita
1193 1305 1328 1337 quoqne
1344 1304 1389 1327 ex
1402 1296 1503 1328 codd.
1517 1296 1585 1328 suis
1600 1295 1689 1336 legit

223 1338 313 1367 Dan.
328 1336 494 1368 Heinsius
511 1336 553 1367 ad
571 1337 751 1368 claudian.
768 1337 901 1378 Paneg.
914 1338 947 1368 in
967 1338 1069 1369 Proh.
1096 1342 1132 1369 et
1157 1338 1263 1379 Olyb.
1290 1338 1394 1370 Cous.
1416 1341 1600 1372 120.-180
1626 1340 1689 1370 Ter

220 1381 311 1411 nivea
323 1381 475 1411 candente
486 1389 573 1410 unus
590 1379 714 1412 Behot.
741 1381 805 1412 Ter
826 1381 949 1412 niveum
975 1382 1140 1412 scandente
1165 1381 1256 1412 Dan.
1280 1381 1363 1412 Pnt.
1389 1380 1513 1413 Petav.
1529 1381 1688 1414 Petrens.

219 1423 305 1454 Exc.
321 1422 469 1454 Cantab.
484 1427 521 1453 et
537 1421 638 1454 codd.
654 1422 846 1462 Heinsiani,
876 1433 975 1464 quem
1003 1423 1082 1454 vide
1109 1423 1150 1454 ad
1179 1423 1359 1455 claudian.
1373 1424 1396 1455 1.
1414 1424 1544 1456 1.-131
1571 1424 1690 1456 Ferrea

219 1469 292 1496 suta
305 1469 418 1505 tegunt
427 1464 568 1497 Taurin.
583 1470 620 1496 et
635 1465 753 1496 Burm.
769 1472 807 1496 nt
823 1466 915 1507 conj.
941 1466 1158 1504 Bernartius,
1181 1471 1217 1497 et
1243 1466 1383 1497 edidere
1401 1466 1634 1508 Lindenbrog.
1651 1470 1689 1499 et

220 1508 323 1539 Cruc.
347 1508 466 1539 Ferrea
480 1511 553 1539 suta
564 1512 711 1547 premunt
726 1509 812 1539 Exc.
828 1508 972 1540 Cantab.
986 1514 1021 1540 et
1037 1510 1177 1540 Venett.
1195 1509 1312 1540 Ferrea
1325 1512 1396 1540 suta
1406 1512 1512 1541 tenent
1527 1509 1688 1541 Petrens-

217 1553 326 1582 terunt
341 1551 433 1583 Dan.
450 1551 534 1581 Pnt.
551 1551 674 1582 Petav.
690 1555 837 1592 uterque
862 1551 984 1582 Behot.
1012 1552 1117 1591 Lang.
1143 1552 1246 1582 Laur.
1277 1551 1411 1584 anlid.
1443 1551 1546 1583 Aldd.
1575 1552 1686 1584 Colin.

220 1593 353 1633 Gryph.
370 1593 475 1625 Basil.
490 1593 606 1625 Plant.
623 1594 766 1625 Gevart.
781 1599 818 1625 et
833 1598 979 1625 recentt.
1000 1598 1032 1624 et
1049 1597 1177 1634 pectora
1199 1594 1292 1626 Dan.
1321 1594 1406 1626 Pnt.
1430 1594 1554 1625 Petav.
1579 1594 1687 1633 Lanu.

220 1636 323 1666 Laur.
340 1635 472 1668 anlid.
497 1636 648 1676 Lipsian.
672 1642 707 1668 et
732 1636 811 1669 edd.
836 1641 923 1669 vett.
945 1646 983 1667 ac
999 1640 1127 1676 pectora
1143 1639 1270 1678 uterque
1292 1637 1431 1668 Behott.
1445 1639 1474 1668 1.
1490 1640 1523 1668 2.
1539 1636 1687 1669 Amstel.

221 1679 375 1710 Gronov.
403 1683 438 1710 et
465 1683 610 1710 recente.
632 1689 669 1710 ac
689 1683 816 1720 pectora
838 1681 907 1710 lala
933 1679 1151 1720 conjectabat
1174 1679 1455 1712 Jortinus.—13⁷
1478 1680 1488 1696 ‘
1503 1679 1583 1711 Non
1599 1679 1688 1712 bene

222 1721 313 1753 hunc
330 1722 443 1753 locum
459 1721 704 1763 inquinationis
720 1727 919 1763 suspectum
932 1722 1036 1753 habet
1055 1721 1207 1754 Joannes
1226 1722 1414 1754 Barciaius.
1458 1722 1571 1757 Etiam
1588 1731 1691 1764 gene·

219 1773 316 1796 rosus
345 1773 452 1805 equus
474 1775 562 1796 arma
575 1769 678 1806 pavet,
701 1769 858 1796 assuetus
883 1768 986 1796 antea
1008 1765 1187 1795 curriculis
1202 1765 1294 1803 solis,
1308 1770 1367 1796 aut
1382 1764 1688 1797 exercitationibus

196 1841 199 1843 ,
219 1806 396 1846 pacificis-³
419 1807 647 1839 Barth—138
670 1808 778 1848 Lang.
804 1808 906 1839 Laut.
926 1806 1057 1838 Buslid.
1089 1807 1240 1847 Lipsian.
1268 1808 1356 1839 Dan.
1372 1807 1456 1839 Pnt.
1470 1807 1592 1840 Petav.
1608 1807 1689 1839 Lin-

221 1849 386 1891 denbrog.
417 1855 454 1882 et
479 1850 582 1883 Cruc.
605 1851 757 1891 longeque
778 1850 896 1882 attollit
908 1861 921 1887 ‚·
944 1855 1090 1891 uterque
1113 1850 1237 1882 Behot.
1264 1850 1404 1891 optimae
1428 1850 1563 1883 Barthii
1583 1859 1689 1882 mem-

878 1939 1019 1972 NOTAE

218 2013 280 2036 uus
310 2014 330 2036 e
358 2007 492 2044 septem
529 2003 674 2035 ducibus
704 2003 924 2045 Argivorum.

216 2055 362 2095 Arduus]
389 2053 446 2086 Ob
461 2053 708 2095 proceritatem
725 2054 891 2095 corporis.

235 2103 244 2107 “
264 2108 326 2137 130
351 2105 412 2136 Ter
435 2104 528 2136 nivea
549 2105 715 2137 scandente
730 2104 825 2145 juba]
848 2104 925 2136 Tri-

217 2155 300 2196 plici
310 2155 409 2196 juba,
426 2164 495 2187 una
517 2165 623 2196 super
635 2156 791 2197 alteram,
805 2158 824 2186 ὰ
846 2156 925 2187 trois

217 2206 336 2245 stages.

261 2259 324 2288 133
349 2256 441 2296 Nox]
473 2256 553 2288 Non
573 2265 655 2297 nox,
683 2256 742 2288 sed
769 2266 823 2293 ea.
845 2266 922 2298 quae

218 2316 281 2348 per
296 2310 431 2338 noctem
446 2316 468 2338 a
483 2307 606 2338 Danao
621 2311 721 2347 gesta
740 2311 832 2338 sunt.
875 2307 921 2339 Et

215 2357 328 2398 tangit
348 2356 463 2388 Poeta
483 2355 647 2397 fabulam,
672 2366 741 2398 qua
756 2357 834 2388 filiae
850 2358 921 2388 Da-

214 2407 283 2448 nai,
300 2407 442 2439 consilio
466 2407 585 2448 patris,
600 2408 711 2448 prima
725 2408 922 2448 nuptiarum

215 2461 319 2490 nocte
335 2466 479 2498 sponsos
503 2466 581 2488 suos
596 2456 739 2499 AEgypti
762 2457 849 2489 filios
873 2458 922 2489 in-

214 2507 443 2547 terfecerunt,
469 2511 618 2549 excepta
647 2508 925 2549 Hypermnestra

215 2568 293 2600 quae
336 2559 511 2600 Lynceum
547 2558 712 2590 servavit.
767 2559 925 2600 Lampade

215 2607 328 2648 nigra]
351 2608 442 2641 Quia
467 2606 561 2639 faces
589 2607 718 2649 nuptiis
748 2608 925 2640 adhibitae.

218 2658 343 2699 Nigra]
364 2657 408 2690 Id
438 2661 503 2698 est,
527 2655 690 2698 infausta,
726 2658 807 2700 qnia
846 2658 925 2690 hinc

218 2717 311 2740 mors
320 2707 547 2748 totjuvenum
561 2707 701 2739 accidit.

262 2758 325 2789 134
351 2752 590 2797 Quinquaginta
600 2756 750 2798 thalami]
763 2756 926 2790 Totidem

981 2004 1069 2036 enim
1096 2009 1197 2037 erant
1218 2005 1330 2037 Danai
1354 2004 1448 2046 filiae,
1477 2009 1515 2037 et
1539 2004 1686 2037 totidem

981 2054 1097 2095 sponsi
1123 2055 1187 2087 filii
1201 2055 1353 2098 AEgypti,
1375 2065 1518 2098 quorum
1540 2059 1686 2088 mortem

980 2115 1081 2137 manu
1107 2105 1255 2138 filiarum
1280 2105 1491 2147 procurabat
1521 2105 1685 2138 Danaus:

979 2157 1155 2187 oraculum
1179 2156 1268 2187 enim
1294 2159 1479 2197 acceperat
1498 2165 1535 2188 se
1558 2166 1580 2188 a
1602 2165 1686 2198 quo-

980 2205 1058 2236 dam
1072 2205 1144 2237 filio
1162 2205 1279 2237 fratria
1295 2206 1443 2238 occisum
1458 2205 1511 2237 iri.

1023 2258 1084 2287 135
1109 2255 1236 2297 Aspicit
1258 2256 1361 2297 enses]
1398 2254 1454 2288 An
1480 2256 1563 2288 satis
1590 2257 1685 2289 acuti

977 2306 1057 2337 sint.

1023 2358 1085 2387 136
1107 2355 1218 2396 Illum]
1241 2354 1572 2396 Hippomedontem.
1606 2356 1686 2388 Par·-

977 2406 1062 2438 ladio
1085 2406 1125 2436 ab
1152 2405 1239 2446 arce]
1269 2405 1409 2437 Larissa
1432 2406 1580 2446 scilicet,
1603 2415 1683 2439 arce

980 2454 1167 2496 Argoi-um,
1181 2464 1258 2496 quae
1275 2458 1353 2487 erat
1375 2455 1412 2486 in
1427 2455 1538 2487 tutela
1553 2455 1683 2488 Miner-

978 2515 1045 2545 vae,
1061 2510 1100 2537 ut
1110 2505 1253 2536 vidimus
1267 2504 1372 2536 Theb.
1384 2513 1426 2536 11.

1023 2558 1086 2587 137
1108 2554 1209 2586 Ama
1232 2553 1364 2595 moene]
1387 2555 1437 2586 Ut
1451 2554 1581 2596 preliis
1599 2562 1684 2587 non-

980 2605 1061 2637 dum
1076 2610 1245 2637 assuetus.
1295 2605 1470 2645 Umbmqaoe
1482 2605 1615 2637 manne
1628 2615 1683 2637 vo·

978 2655 1075 2696 lanii]
1094 2655 1149 2687 Ob
1166 2655 1406 2696 proceritatem
1421 2653 1683 2695 Hippomedon*

978 2707 1036 2738 tis.
1550 2717 1554 2720 ’

1025 2758 1087 2787 138
1111 2754 1243 2787 Aetollie
1252 2755 1379 2796 pulvere
1400 2753 1555 2795 emptam]
1576 2754 1684 2788 euni
