1820 3068
239 275 326 318 804

742 288 782 317 P.
818 289 1010 320 PAPINH
1043 290 1208 322 STATM

238 381 480 425 Acclinata
493 381 619 438 juge,
640 384 898 439 vultumque
920 386 1103 441 obliqua
1122 387 1393 441 madentem,

243 451 436 506 Incipit:
465 450 658 506 (interea
673 450 866 494 dominae
887 454 1071 507 vestigia
1084 455 1220 510 juxta

240 519 532 573 Spumantem
554 520 681 573 proni
701 520 910 563 mandunt
930 520 1170 565 adamanta
1183 523 1382 579 jugales)

239 587 371 629 Bella
392 586 529 629 etiam
548 588 595 628 in
615 587 811 639 Thebas,
830 601 958 630 socer
978 602 1006 631 o
1026 590 1338 644 pulcherrime,
1357 592 1479 634 bella

240 655 351 709 Ipse
373 667 524 710 paraS‚
538 654 748 710 ferroque
769 659 870 699 tuos
886 657 1065 700 abolere
1083 661 1303 713 nepotes?

1617 641 1707 705 ‘270

238 722 341 765 Nec
362 735 501 778 genus
525 722 814 776 Harmonies,
834 737 917 767 nec
935 729 980 767 te
1001 727 1220 768 connubia
1241 729 1361 770 coelo

238 790 393 844 Festa,
413 804 496 833 nec
515 791 587 834 hae
607 792 850 847 quicquam
869 793 1096 849 lacrymae,
1112 794 1366 846 furibunde,
1386 797 1636 839 morantur?

238 858 448 902 Criminis
467 859 565 903 haec
584 872 755 902 merces
769 861 789 901 Τ
820 860 903 903 hoc
924 861 1059 912 fama,
1079 862 1312 918 pudorque
1332 864 1515 906 relictus
1527 865 1547 906 ‘l

237 927 344 970 Hoc
366 927 473 969 mihi
493 926 749 970 Lemniacae
770 927 826 970 de
848 933 893 971 te
907 942 1103 971 meruere
1125 933 1292 973 catenae
1309 931 1329 972 'i
1576 935 1578 937 ’

236 995 377 1049 Perge
395 994 568 1038 libens:
600 998 647 1037 at
665 1008 755 1037 non
774 995 932 1038 eadem
949 995 1178 1039 Vulcania
1198 997 1327 1039 nobis

1618 998 1706 1042 275

234 1128 511 1169 torquenssaciem
535 1129 676 1169 rigatam
690 1129 851 1171 lacrymis,
879 1130 1026 1162 orditur.-
1050 1129 1185 1169 (interea
1203 1130 1295 1171 proni
1317 1129 1408 1172 cycni
1421 1130 1537 1162 rodunt
1549 1139 1707 1171 spumosos

227 1168 352 1208 sroenos
372 1171 590 1204 adamnanus
613 1173 654 1204 ad
675 1173 767 1214 pedes
788 1173 872 1205 herae
883 1172 910 1214 :)
934 1173 1004 1214 Ipse
1018 1172 1115 1204 etiam
1130 1173 1253 1213 bellum,
1268 1183 1285 1203 o
1299 1173 1629 1212 socer-formosissime,
1644 1172 1706 1204 bel·

238 1213 303 1245 lum
324 1214 448 1247 moliris
472 1216 621 1246 adversas
643 1215 772 1255 Thebas,
788 1219 818 1247 et
835 1216 884 1247 vis
898 1217 999 1247 delere
1012 1216 1120 1255 gladio
1145 1219 1214 1247 tuos
1235 1219 1396 1257 posteros?
1415 1225 1472 1247 nec
1484 1216 1600 1248 soboles
1616 1215 1705 1247 Har-

234 1257 364 1297 uwnies,
379 1267 435 1289 nec
448 1257 612 1289 celebrata.»
626 1258 661 1290 in
675 1259 750 1290 coelo
765 1259 896 1299 πυρεῖα,
917 1268 973 1290 nec
986 1259 1021 1290 lu·
1034 1259 1146 1300 fletus,
1163 1259 1303 1298 furiose,
1316 1262 1347 1291 te
1362 1259 1526 1300 quicquam
1547 1259 1707 1291 retinent?

235 1299 293 1331 hoc
306 1300 433 1332 sceleris
443 1301 630 1341 premium?
656 1301 712 1333 hoc
722 1301 969 1342 profectusum,
984 1305 1015 1333 et
1026 1302 1186 1333 extinctus
1192 1303 1304 1342 pudor,
1314 1302 1370 1333 hoc
1381 1301 1460 1333 mihi
1472 1302 1597 1333 vincula
1610 1302 1706 1333 Lem·

233 1342 291 1374 nia
305 1343 344 1375 de
368 1346 400 1375 te
420 1353 569 1377 meruere.
620 1343 706 1376 Vade
721 1344 840 1376 lubenti
854 1345 969 1377 animo.
1013 1344 1060 1376 At
1075 1354 1136 1376 non
1153 1346 1260 1376 eodem
1273 1345 1363 1376 modo
1376 1344 1464 1377 nobis
1483 1345 1641 1379 Vulcanus
1653 1344 1704 1375 iu·

853 1438 971 1451 eeeeee

974 1438 1091 1450 eeeeee

235 1504 385 1538 Amstel.
402 1505 558 1538 Gronov.
574 1505 696 1538 Barth.
712 1505 824 1538 Veen.
840 1510 877 1537 et
892 1505 1133 1546 Delph.—266
1148 1505 1190 1538 In
1206 1506 1336 1547 optimo
1350 1505 1484 1538 Barthii
1498 1505 1618 1538 codice
1633 1507 1702 1539 vul·

234 1551 303 1580 tum
317 1548 599 1590 obliquam—268
623 1548 712 1581 Edd.
727 1553 812 1581 vett.
828 1558 931 1580 socero
944 1548 1156 1589 pulcherrima
1172 1549 1263 1590 bello,
1281 1550 1355 1589 Ipse
1363 1559 1471 1590 paras.
1492 1549 1614 1581 Lectio
1626 1558 1702 1581 nos-

235 1595 291 1623 tra
305 1591 456 1623 debetur
471 1592 676 1631 Bernartio;
701 1601 847 1633 eamque
865 1596 1039 1623 testantur
1055 1592 1144 1622 Dan.
1161 1591 1243 1623 Put.
1259 1592 1384 1624 Petam
1402 1596 1548 1634 uterque
1562 1592 1702 1624 Behott.

234 1633 399 1666 Petrens.
415 1635 502 1667 Exc.
520 1634 667 1667 Cantab.
684 1634 826 1666 Taurin.
853 1638 890 1666 et
914 1634 1142 1666 Burm.—271
1167 1634 1353 1666 Hermiona?
1372 1634 1496 1666 Behot.
1516 1637 1547 1666 l.
1574 1634 1705 1666 Hermi-

234 1687 308 1709 ones
322 1677 447 1710 Behot.
462 1680 605 1710 2.-272
629 1678 731 1710 facta
747 1678 871 1709 Behot.
889 1680 922 1710 1.
942 1677 1046 1708 Pacta
1071 1677 1150 1709 Nic.
1175 1677 1341 1708 Heinsius
1365 1676 1409 1708 ad
1434 1677 1538 1710 Ovid.
1552 1678 1641 1709 Met.
1666 1687 1704 1718 p.

236 1722 421 1752 lea—2⁷3
445 1720 535 1753 Dan.
564 1721 649 1753 Put.
676 1721 802 1752 Petav.
841 1724 988 1761 uterque
1018 1720 1142 1753 Behot.
1166 1719 1271 1752 Aldd.
1303 1719 1414 1751 Colin.
1440 1720 1574 1761 Gryph.
1598 1719 1705 1752 Basii.

234 1762 355 1795 Plant.
374 1763 605 1804 Lindenbrog.
629 1767 667 1795 et
684 1763 785 1795 Crnc.
809 1763 875 1795 hoec
895 1762 1009 1802 samm
1031 1763 1138 1802 Lang.
1167 1763 1271 1795 Laur.
1298 1762 1431 1794 Buslid.
1457 1762 1609 1803 Lipsian.
1634 1762 1702 1794 Pe-

235 1810 343 1838 trens.
369 1807 456 1838 Exc.
484 1806 634 1838 Cantab.
667 1806 806 1838 Taurin.
835 1806 954 1838 Burm.
981 1805 1172 1844 Barthiaui‚
1198 1805 1345 1837 Gevart.
1371 1805 1531 1837 Grasser.
1554 1804 1704 1836 Amstei.

192 1870 195 1872 -
236 1848 391 1881 Gronov.
417 1849 539 1881 Barth.
557 1850 670 1881 Veen.
694 1853 731 1881 et
755 1849 883 1889 Delph.
905 1848 961 1880 hoc
980 1849 1088 1887 fama.

1131 1847 1214 1880 ‘Sic
1240 1848 1424 1888 legendum
1447 1857 1524 1879 cum
1548 1847 1704 1879 omnibus

234 1891 334 1924 bonis
357 1891 480 1925 libris?
502 1892 728 1924 Barth—274
753 1891 930 1923 Lemniacae
955 1892 1044 1924 tritoe
1068 1900 1208 1922 meruere
1230 1900 1317 1922 unus
1342 1888 1576 1932 Belum—275
1601 1890 1703 1922 Alter

896 1977 1039 2011 No'rAE

278 2046 343 2076 266
364 2043 532 2075 Acclinata
550 2043 643 2084 figo,
665 2045 842 2086 vultumque
863 2043 940 2075 obli-

233 2104 296 2136 qua
323 2093 512 2135 madentem]
549 2095 668 2126 Venus
699 2104 802 2136 super
825 2094 940 2136 jugum

234 2155 355 2178 currus
371 2146 496 2177 Martis
513 2145 686 2187 obliquum
710 2145 854 2177 tenebat
869 2145 941 2176 vul-

236 2201 321 2238 tum,
335 2196 530 2228 madentem
551 2195 725 2237 lacrymis,
740 2200 777 2228 ut
798 2196 864 2228 hoc
884 2196 942 2228 ba-

235 2247 312 2279 bitu
336 2247 486 2279 Martem
513 2246 685 2279 furentem
712 2245 943 2279 mansueface-

234 2303 300 2331 ret.

277 2352 342 2382 268
366 2348 561 2390 Adamanta]
593 2349 732 2381 Fraenos
751 2347 942 2380 adamanti-

235 2410 310 2433 nos.
353 2399 503 2441 Jugales]
525 2399 646 2431 Poetae
658 2399 813 2441 jungunt
826 2399 941 2431 currui

234 2451 380 2483 Veneris
396 2450 585 2490 columbas,
600 2459 771 2492 passeres,
786 2453 848 2482 ant
863 2459 941 2491 cyc-

234 2513 309 2535 nos.

278 2556 344 2585 269
366 2551 461 2584 Socer
485 2562 503 2584 o
528 2550 751 2593 pulcherrime]
790 2549 939 2586 Itoniae,

236 2611 274 2637 et
288 2602 538 2646 objurgatorie.
582 2600 694 2642 Socer]
717 2601 774 2634 Ob
792 2600 940 2632 Harmo-

235 2656 327 2689 niam
342 2654 460 2695 filiam,
476 2663 552 2696 quae
566 2653 685 2694 nupsit
701 2651 844 2684 Cadmo.

278 2709 343 2738 270
367 2703 521 2746 Nepotes]
543 2703 727 2744 Principes
747 2702 836 2734 enim
853 2701 940 2734 'rhe-

235 2757 316 2789 baui
331 2756 497 2797 originem
514 2753 699 2786 trahebant
713 2763 734 2784 a
748 2753 864 2785 Marte
879 2761 943 2794 per

235 2807 458 2840 Harmoniam
473 2805 590 2836 filiam.

279 2860 342 2890 271
379 2858 486 2889 Gema
513 2854 720 2897 Harmonia]
759 2854 941 2897 Principes

995 2042 1159 2074 Thebani.
1206 2042 1368 2074 connubia
1383 2042 1456 2074 coelo
1471 2041 1581 2083 Festo]
1604 2041 1703 2083 Nup-

997 2093 1055 2125 tiae
1079 2092 1200 2125 Padmi
1220 2098 1257 2124 et
1285 2092 1488 2125 Harmonies
1513 2092 1702 2125 celebratae

996 2142 1138 2175 suerunt
1154 2145 1187 2176 in
1205 2144 1306 2180 coelo,
1320 2144 1447 2186 Diiqne
1463 2152 1580 2176 omnes
1597 2143 1638 2175 iis
1652 2143 1705 2175 in-

999 2193 1210 2235 terfuerunt,
1222 2193 1345 2235 ntjam
1361 2193 1522 2226 diximus.

1039 2249 1103 2278 273
1129 2246 1297 2287 Criminis]
1321 2244 1495 2277 Adulterii
1511 2254 1586 2277 cum
1607 2242 1702 2276 Mar-

999 2303 1047 2330 te.
1085 2297 1267 2336 Hoefama,
1278 2297 1436 2338 pudorque
1449 2295 1592 2337 relictus]
1610 2295 1703 2328 Dido

997 2347 1090 2388 apud
1105 2347 1287 2388 Virgilium
1302 2346 1379 2379 AEn.
1394 2356 1447 2379 xv.
1467 2347 1479 2364 ‘
1490 2346 1543 2379 Te
1558 2350 1703 2388 propter

997 2398 1144 2430 eundem
1160 2397 1345 2430 Extinctus
1360 2396 1486 2438 pudor,
1498 2401 1535 2429 et
1547 2405 1615 2440 quo
1629 2396 1704 2429 sola

996 2449 1110 2481 sidera
1125 2448 1262 2480 adibam
1278 2448 1386 2479 Fama
1400 2446 1519 2489 prior?

1037 2502 1102 2532 274
1125 2499 1304 2531 Lemniam
1313 2497 1451 2538 catena]
1473 2497 1608 2531 Quibus
1623 2505 1701 2530 cum

995 2549 1113 2582 Marte
1129 2550 1163 2581 in
1180 2549 1351 2581 adulterio
1365 2547 1593 2589 deprebensa,
1606 2547 1701 2579 vinc-

995 2605 1031 2632 ta
1046 2605 1101 2632 est
1115 2610 1136 2632 a
1151 2599 1323 2632 Vulcano.
1365 2597 1455 2630 vide
1478 2595 1701 2639 praecedente

994 2651 1054 2684 lib.
1070 2661 1121 2683 vs.
1136 2653 1213 2683 271.

1037 2705 1100 2734 275
1137 2704 1184 2734 At
1211 2709 1275 2732 non
1302 2700 1407 2732 eadem
1436 2697 1591 2732 Vulcania
1603 2699 1702 2732 -noln’ae

998 2751 1170 2793 obsequia]
1192 2751 1271 2784 Non
1288 2750 1362 2792 pari
1377 2749 1488 2782 animo
1502 2747 1649 2782 affectus
1663 2750 1701 2782 in

996 2811 1050 2835 me
1077 2803 1267 2842 Vulcanus,
1291 2810 1390 2844 quam
1419 2805 1470 2841 tu,
1493 2810 1571 2833 cum
1600 2799 1702 2833 imum

997 2854 1099 2886 etiam
1117 2863 1137 2885 a
1151 2861 1218 2894 me,
1232 2851 1344 2884 libens
1356 2850 1437 2884 mihi
1451 2849 1629 2884 inserviat.
