1820 3068
181 1798 183 1801 .
250 1773 352 1805 runt3
378 1769 488 1808 Lang.
513 1767 616 1800 Laur.
647 1767 782 1800 Buslid.
814 1768 968 1810 Lipsian.
1000 1769 1089 1800 Dan.
1122 1770 1204 1801 Put.
1239 1769 1364 1802 Petav.
1385 1769 1545 1802 Petrens.
1575 1769 1727 1810 optimus

248 231 336 275 982
743 241 788 272 P.
822 241 1015 272 PAPiNn
1050 241 1216 273 s‘rA‘rn

248 337 410 379 Insula
429 336 556 378 dives
578 335 709 389 agriS,
730 334 1001 391 opibusque,
1023 338 1264 393 armisque,
1282 338 1496 393 virisque,
1633 339 1719 382 305

247 405 374 447 Nota
393 405 496 454 situ,
514 408 561 445 et
578 402 744 445 Getico
765 414 904 458 nuper
925 404 1070 447 ditata
1088 405 1326 460 triumphe,

248 472 356 514 Non
377 472 511 514 maris
533 471 731 522 incursu,
752 484 840 514 non
855 472 998 523 hoste,
1015 487 1099 516 nec
1121 474 1286 516 aethere
1307 473 1445 525 laevo,

247 539 454 581 Perdidit
474 551 565 581 una
582 551 738 581 omnes
757 540 926 591 orbata,
948 541 1192 596 excisaque
1212 541 1392 591 mundo,

247 607 517 661 Indigenas:
546 619 638 648 non
651 620 768 649 arva
786 608 887 658 viri,
905 621 994 650 non
1014 622 1200 663 aequora
1225 614 1432 651 vertunt:

249 673 512 716 Conticuere
533 674 719 717 domus:
751 687 879 717 cruor
899 675 1038 727 altus»,
1059 679 1102 717 et
1123 675 1265 718 oblita
1285 689 1438 718 crasso

248 740 430 785 Cuncta
449 743 610 784 rubent
629 743 762 784 tabo:
791 755 1054 798 magnaeque
1074 744 1120 785 in
1140 744 1361 786 moenibus
1382 745 1505 786 urbis

250 809 352 852 Nos
374 814 574 852 tantum:
606 815 653 852 et
673 812 786 854 saevi
808 811 983 866 spirant
1003 825 1082 866 per
1099 811 1293 854 culmina
1311 810 1489 854 Manes.

250 877 364 932 Ipsa
383 890 561 932 quoque
581 878 757 919 arcanis
776 879 881 920 tecti
901 878 947 920 in
967 879 1274 933 penetralibus
1296 879 1390 921 alto

251 944 421 987 Molior
438 946 539 998 igne
561 958 717 999 pyram
737 959 748 988 :
780 950 1006 1001 sceptrum
1027 960 1165 1002 super
1184 960 1394 1002 annaque
1412 948 1557 1002 patris

249 1012 428 1068 Injicio,
449 1015 493 1054 et
512 1017 643 1054 notas
663 1026 811 1068 regum
833 1014 1081 1067 gestamina
1098 1018 1264 1065 vestes,

1634 676 1719 717 310

1631 1014 1720 1056 315

248 1134 350 1175 arvis,
372 1138 403 1166 et
423 1135 559 1172 divitiis,
581 1135 738 1176 armisque
759 1145 798 1168 mc
822 1135 993 1177 indigenis,
1017 1141 1048 1168 et
1071 1136 1199 1169 celebris
1219 1137 1389 1178 positione,
1403 1147 1442 1169 ac
1461 1146 1558 1178 nuper
1577 1138 1724 1168 aeeon-ata

249 1177 386 1209 victoria
400 1179 439 1210 de
457 1178 629 1210 Thracibus
642 1179 756 1216 relata,
771 1179 882 1211 amisit
891 1179 986 1211 simul
1000 1190 1106 1212 omnes
1119 1181 1249 1219 incolas,
1273 1180 1382 1212 orbata
1396 1184 1429 1212 et
1441 1182 1550 1212 avulsa
1564 1189 1584 1211 a
1596 1180 1723 1220 mundo,

249 1230 313 1252 non
326 1221 426 1253 maris
439 1221 655 1261 inundatione,
677 1231 738 1253 non
764 1221 874 1254 hostili
898 1222 1086 1262 incursione,
1111 1233 1168 1254 nec
1189 1223 1262 1255 coeh'
1282 1223 1490 1264 intemperie.-
1510 1222 1724 1255 hom-essu

249 1267 376 1296 versant
396 1273 504 1304 agros,
526 1274 583 1296 nec
605 1274 691 1296 mure
713 1265 890 1305 navigant.-
911 1266 994 1298 oedes
1008 1266 1121 1297 siluere
1133 1277 1143 1297 .·
1166 1266 1276 1306 ubique
1290 1266 1378 1306 copia
1392 1265 1487 1308 effusi
1499 1265 1675 1305 sanguinis,
1691 1266 1724 1296 et

250 1308 356 1338 omnia
369 1307 483 1339 rubent
496 1306 598 1339 obsita
611 1311 685 1339 atra
697 1308 804 1340 sanie.-
827 1312 858 1340 et
881 1318 936 1340 nos
957 1309 1031 1340 soloe
1045 1309 1134 1340 intra
1149 1318 1255 1340 muros
1268 1308 1409 1348 ingentis
1421 1308 1524 1340 urbis:
1539 1312 1571 1340 et
1585 1308 1725 1340 crudeles

250 1349 368 1381 umbroe
382 1351 519 1382 strident
532 1360 625 1391 super
635 1353 732 1383 tectu.
778 1351 850 1391 Ego
863 1361 981 1392 quoquc
995 1354 1083 1382 struo
1099 1361 1210 1392 rogum
1225 1352 1487 1393 excelsaflumma
1500 1351 1534 1383 in
1548 1351 1724 1384 secretiori-

250 1392 307 1424 bus
321 1393 420 1433 regioe
433 1393 642 1435 conclavibus,
663 1403 702 1425 αι·
715 1403 808 1435 super
822 1394 931 1434 injicio
945 1397 1114 1435 sceptrum,
1138 1398 1170 1426 et
1185 1404 1274 1426 arma
1286 1394 1402 1436 patris,
1428 1398 1459 1426 ct
1475 1397 1566 1426 notos
1581 1393 1725 1434 vesunu,

867 1487 1110 1500 ‘NONMOC

252 1553 364 1587 Colin.
382 1553 516 1595 Gryph.
528 1553 632 1585 Basii.
647 1553 765 1585 Plant.
783 1552 1016 1596 Lindenbrog.
1032 1559 1070 1587 et
1082 1555 1185 1587 Cruc.
1210 1556 1256 1586 Et
1282 1555 1411 1588 turbare
1430 1559 1576 1597 uterque
1599 1554 1725 1589 Behot.

249 1596 384 1630 Buslid.
400 1597 544 1628 Venett.
571 1596 734 1628 Grasser.
760 1596 905 1629 Gevart.
921 1597 1065 1630 Amstel.
1087 1598 1239 1629 Gronov.
1256 1598 1376 1630 Barth.
1391 1599 1502 1631 Veen.
1528 1602 1565 1630 et
1593 1597 1725 1639 Deiph.

249 1643 359 1672 -308
381 1639 451 1671 Pro
463 1640 577 1671 mundo
591 1639 720 1672 Jortin.
737 1639 826 1680 conj.
847 1640 965 1678 fundo,
988 1641 1080 1682 quod
1106 1650 1170 1672 non
1188 1641 1363 1682 improbat
1377 1641 1591 1673 Burmannus
1613 1641 1726 1673 citans

250 1683 360 1715 Theb.
381 1691 440 1714 ιιι.
455 1685 533 1714 249.
548 1692 620 1723 seq.
642 1682 702 1714 sed
723 1681 770 1714 cf.
788 1682 900 1714 Theb.
917 1692 942 1714 1.
958 1686 1037 1715 649.
1061 1683 1224 1715 Barthius
1250 1693 1293 1715 ex
1309 1693 1377 1715 uno
1392 1684 1514 1716 codice
1525 1682 1639 1716 malit:
1662 1692 1727 1715 uno

250 1736 355 1758 omnes
379 1725 491 1757 orbata
514 1726 679 1767 excisaque
692 1728 929 1766 puncta—309
951 1725 1056 1757 Aldd.
1072 1727 1183 1758 Coun.
1198 1727 1333 1767 Gryph.
1349 1727 1458 1759 Basil.
1474 1731 1511 1759 et
1523 1726 1640 1758 Plant.
1654 1735 1725 1757 ver-

249 1813 372 1844 Barth.
398 1811 486 1843 Exc.
518 1810 664 1842 Cantab.
696 1811 856 1843 Grasser.
884 1812 1030 1844 Gevart.
1055 1812 1200 1844 Amstei.
1223 1812 1376 1844 Gronov.
1403 1812 1524 1844 Barth.
1550 1812 1662 1844 Veen.
1687 1815 1725 1844 et

248 1855 377 1896 Delph.
400 1856 647 1886 vertunt—311
675 1853 796 1885 Cuncta
804 1854 921 1892 jubent
946 1864 1033 1886 unus
1057 1855 1221 1894 Barthii;
1245 1855 1367 1887 Cuncta
1384 1854 1500 1894 ,iurant
1526 1854 1612 1886 alius
1635 1854 1727 1896 eJus-

249 1898 348 1938 dem;
375 1899 498 1930 Cuncta
512 1898 639 1929 madent
663 1896 772 1939 Lang.
796 1897 899 1928 Laur.
927 1897 1062 1930 Buslid.
1089 1898 1242 1939 Lipsian.
1264 1898 1407 1930 Venett.
1419 1898 1519 1930 etita
1534 1903 1727 1930 correctum

250 1946 304 1973 est
330 1942 363 1973 in
393 1950 463 1972 uno
492 1940 728 1972 Behot.—3l2
753 1940 832 1973 Nox
857 1941 1028 1971 tantumin
1046 1940 1248 1982 quibusdam
1263 1943 1459 1973 vem—313
1486 1941 1580 1972 Unus
1597 1940 1723 1972 Behot.

249 1985 327 2016 tecti
356 1983 580 2025 penetralibus,
614 1983 740 2014 omisso
765 1983 811 2022 τῷ
836 1983 991 2014 ivn—314
1016 1983 1162 2015 Veteres
1189 1982 1383 2015 Bernartii:
1406 1993 1507 2022 arma,
1534 1983 1695 2024 patrisque
1711 1993 1726 2019 ,-

250 2032 287 2059 et
303 2027 352 2059 sic
370 2025 474 2058 Aldd.
490 2026 603 2058 Coiin.
620 2029 658 2057 et
673 2024 915 2067 Gryph.—-315
940 2025 1042 2058 Inicio
1070 2026 1212 2058 Behott.
1229 2029 1262 2059 1.
1277 2029 1310 2059 2.
1333 2036 1444 2067 regum
1467 2025 1622 2058 velantium
1643 2026 1728 2057 Put.
1788 2034 1804 2059 ῑ.

916 2122 1063 2155 NOTAE

251 2190 349 2222 luctu
366 2188 484 2221 fiebat.

293 2244 359 2273 306
384 2240 498 2272 Getico
512 2238 686 2280 triumpho]
707 2238 868 2271 Thracio.
903 2238 963 2270 vi·

250 2295 370 2324 cerant
386 2290 476 2322 enim
495 2289 627 2321 Lemnii
643 2289 804 2321 Thracas.

293 2345 358 2373 307
383 2341 514 2373 AEthere
530 2339 624 2380 loevo]
649 2339 742 2372 Aere
759 2343 936 2380 corrupto.

292 2394 358 2423 308
383 2391 562 2431 Excisaque
575 2388 705 2430 mundo]
738 2389 846 2423 Quasi
862 2389 961 2421 amis·

249 2443 296 2475 sis
321 2441 473 2474 maribus
499 2450 566 2473 non
592 2440 738 2482 amplius
765 2440 962 2472 habitabilis

248 2493 353 2532 foret,
371 2502 411 2524 ac
426 2492 476 2523 sic
492 2491 632 2523 deserta
646 2496 814 2523 maneret.

293 2546 359 2575 309
386 2542 532 2584 Verium]
563 2541 716 2575 Quidam
742 2541 879 2575 codices
903 2541 963 2574 ha-

250 2594 350 2632 bent,
365 2596 504 2625 verrunt.

294 2648 359 2676 312
383 2645 451 2676 Nos
466 2642 608 2683 tuntum]
619 2642 825 2675 Bernartius
842 2646 963 2674 censet

249 2695 448 2736 legendum,
476 2695 550 2726 Nox
584 2697 719 2735 tantum,
742 2702 818 2724 cum
850 2691 965 2724 Poeta

249 2746 445 2787 scripserit:
459 2744 642 2777 ‘Exoritur
652 2743 851 2786 pudibunda
868 2742 966 2776 dies!

250 2796 320 2829 Sed
349 2795 446 2828 nulla
474 2794 625 2842 ratione,
649 2804 726 2827 cum
751 2793 826 2836 ipse
853 2793 964 2826 Poeta

1017 2197 1119 2228 supra
1137 2186 1290 2219 dixerit:
1325 2186 1428 2219 ‘Non
1455 2195 1539 2218 arva
1564 2185 1628 2218 viri
1654 2195 1724 2219 non
1798 2175 1806 2202 ‘²'

1017 2247 1155 2280 aequora
1169 2235 1334 2269 vertunt.'
1365 2234 1533 2268 Mulieres
1549 2229 1655 2278 igitur
1669 2247 1726 2269 so·

1015 2289 1073 2321 lae.
1118 2287 1221 2328 Soevi]
1242 2287 1334 2322 Quia
1363 2286 1529 2319 ultionem
1562 2297 1724 2330 reposce·

1015 2340 1113 2380 bant,
1128 2343 1330 2381 mentesque
1345 2337 1580 2380 exagitabant.

1058 2392 1123 2422 314
1147 2388 1266 2421 Molior
1279 2390 1354 2429 igne
1365 2389 1497 2431 pyram]
1525 2389 1634 2423 Quasi
1650 2399 1724 2422 cre·

1015 2446 1151 2473 matura
1173 2449 1298 2481 corpus
1321 2439 1437 2482 patris.
1482 2439 1648 2480 Sceptrum
1671 2450 1728 2472 su-

1015 2500 1084 2532 per,
1097 2490 1168 2531 ‹ij-m]
1191 2490 1301 2521 Moris
1316 2489 1406 2521 euim
1423 2494 1497 2521 erat
1513 2488 1654 2530 injicere
1669 2498 1724 2521 ro-

1018 2542 1070 2583 gis
1086 2551 1139 2572 res
1155 2549 1240 2582 quas
1264 2537 1423 2571 defuncti
1439 2538 1671 2580 gestaverant,
1687 2543 1724 2570 et

1018 2600 1100 2634 quas
1116 2589 1307 2623 carissimas
1317 2588 1522 2627 habuerant,
1537 2591 1576 2619 ut
1591 2587 1729 2620 videbi»
1789 2570 1810 2635 ἐξ)

1017 2651 1092 2673 mus
1119 2640 1178 2673 lib.
1202 2644 1370 2682 sequente
1396 2638 1430 2670 in
1453 2637 1574 2670 funere
1590 2637 1724 2671 Arche·
1783 2667 1787 2675 ,

1018 2692 1116 2724 mori.
1161 2691 1285 2733 Injicit
1314 2692 1503 2731 sceptrum,
1529 2692 1568 2721 ut
1590 2689 1732 2735 insigne·
1787 2684 1803 2715 ‘1¹

1018 2742 1128 2783 regui,
1142 2749 1236 2773 arma
1250 2748 1344 2782 vero,
1359 2743 1398 2772 ut
1413 2743 1567 2782 paternae
1582 2738 1728 2773 fortitu·

1019 2791 1108 2825 dinis
1123 2789 1283 2833 insignia.
