1820 3068
207 183 294 227 692

711 175 751 225 r.
784 193 979 225 PAmNu
1011 193 1180 227 surii

204 289 315 332 Tela
335 289 434 340 tibi,
456 288 680 342 longeque
699 287 820 330 feros
840 288 1075 330 lentandus
1097 288 1140 330 in
1156 288 1310 331 hostes

206 356 379 409 Arcus3
411 361 457 398 et
475 356 650 398 aetherei
671 355 790 397 dono
808 368 987 397 cessere
1010 361 1218 410 parentes

204 426 435 468 AEternum
454 423 609 465 florere
625 436 787 478 genas:
818 428 868 464 tu
889 423 1052 466 doctus
1065 424 1243 479 iniquas

205 494 450 536 Parcarum
471 503 701 545 praenosse
722 503 898 542 manus,
920 490 1150 545 fatumque
1169 491 1291 545 quod
1309 492 1430 534 ultra
1448 495 1531 542 est,

204 562 262 604 Et
282 573 455 603 summo
476 560 697 614 placitura
714 558 744 601 J
748 559 846 602 ovi:
877 560 981 614 quis
1001 559 1143 600 letifer
1163 571 1316 610 annus,

207 692 267 725 tibi
292 693 470 726 emittenda,
495 698 580 734 sunt,
603 698 634 726 et
659 704 751 726 arcus
773 694 864 734 longe
879 694 1058 736 flectendus
1097 695 1132 727 in
1159 695 1307 728 barbaros
1330 697 1456 735 hostem
1484 699 1516 728 et
1539 696 1675 728 coelestes

202 740 348 778 parentes
371 737 431 769 tibi
455 739 534 769 dono
555 739 679 779 dedere,
699 741 735 769 ut
756 746 847 776 genae
871 741 935 768 tuae
948 738 1105 779 florerent
1126 740 1436 780 perpetua-juventa.
1486 741 1533 771 Tu
1554 739 1675 779 per-itm

205 779 324 818 injusta
340 780 514 812 Parcarum
528 780 664 812 stamina
678 779 838 821 praescire,
859 782 891 812 et
906 790 956 811 res
971 781 1117 822 suturas,
1141 785 1171 813 et
1186 783 1310 815 decreta
1339 782 1452 814 summi
1465 781 1557 814 Jocis
1570 792 1581 813 .-
1606 781 1676 823 quia

818 877 1056 890 &OGOCOOOOO‘O

207 955 262 984 36.
290 953 410 985 Codex
428 953 615 985 Burmanni
633 953 750 992 habet,
773 954 1047 995 Phrygiis.-704
1071 954 1158 985 Haec
1181 956 1234 985 est
1250 953 1560 986 Grammaticorum
1576 957 1672 985 vete-

207 1004 295 1034 rum,
327 997 470 1034 Lutatii,
488 997 746 1038 Glossograplii,
773 997 962 1029 recentium
994 997 1243 1038 Interpretum‚
1265 997 1483 1038 omniumque
1510 996 1671 1028 librorum

208 1039 414 1080 scriptorum
443 1048 544 1071 manu
575 1040 751 1083 typisque,
779 1045 941 1072 constans
978 1040 1094 1072 lectio.
1137 1039 1299 1071 Barthius
1331 1043 1447 1072 tamen
1475 1048 1672 1081 germanam

860 1112 1013 1170 ²NOTAE

204 1211 332 1251 Poeta,
350 1211 460 1244 Delon
477 1212 621 1244 insulam
638 1213 768 1245 nullam
781 1213 912 1245 exhibi-

206 1266 318 1295 turam
335 1263 481 1304 amplius
497 1264 686 1295 molestiam
703 1264 912 1307 investigan-

206 1313 312 1354 tibus,
325 1321 402 1345 cum
419 1323 487 1345 non
511 1318 604 1346 erret
622 1325 663 1347 ac
687 1320 835 1357 yagetur
851 1325 914 1357 per

204 1375 311 1406 mare,
327 1370 365 1397 nt
381 1371 495 1398 antea.
530 1366 669 1398 Dicitur
682 1367 772 1399 enim
786 1366 913 1408 Apollo

202 1415 323 1448 fixisse
347 1421 523 1448 errantem
547 1418 675 1459 Delon,
698 1423 734 1450 et
751 1417 912 1459 alligasse

204 1467 372 1509 proximis
395 1468 515 1499 insulis
536 1468 702 1510 Mycono,
726 1473 764 1501 et
783 1469 914 1510 Gyaro,

204 1521 245 1550 ut
260 1518 355 1549 canit
367 1517 532 1558 Virgilius
543 1517 678 1550 AEneid.
691 1528 752 1550 111.
776 1519 787 1537 ‘
801 1519 912 1552 Quam

204 1567 282 1609 pius
294 1567 501 1600 Arcitenens
512 1578 590 1600 oras
604 1573 640 1600 et
650 1568 768 1601 littora
780 1569 911 1601 circum

201 1618 386 1650 Errantem
413 1620 565 1661 Mycono
595 1620 701 1660 celsa,
724 1619 911 1662 Gyaroque

203 1669 377 1701 revinxit:
397 1669 647 1710 Immotamque
663 1669 731 1700 coli
748 1669 862 1710 dedit,
874 1674 911 1702 et

202 1725 427 1754 contemnere
457 1719 604 1752 ventos!
659 1719 779 1763 Delon]
800 1722 909 1754 Delos

201 1771 312 1803 insula
335 1771 437 1802 maris
452 1771 559 1812 AEg-aei
575 1770 765 1812 notissima,
787 1771 910 1813 Cycla-

202 1820 285 1852 dum
300 1820 426 1860 media,
440 1820 570 1862 templo
585 1819 753 1861 Apollinis
770 1826 807 1852 et
822 1830 910 1852 mer-

201 1877 284 1905 catu
299 1872 496 1904 celebrata:
516 1882 592 1913 quae
609 1871 666 1902 diu
683 1870 860 1912 fluctuata,
871 1876 910 1904 ut

202 1922 374 1965 proditur,
398 1922 472 1954 sola
485 1926 614 1954 motum
633 1927 734 1954 terrae
750 1931 817 1954 non
833 1931 909 1954 sen-

200 1973 248 2005 sit
273 1973 316 2005 ad
341 1973 392 2004 M.
410 1973 575 2004 Varronis
592 1977 752 2004 aetatem:
776 1972 908 2005 Mutia-

199 2033 263 2055 nus
291 2023 445 2065 prodidit
470 2022 522 2054 bis
548 2032 761 2054 concussam.
806 2022 908 2055 Hanc

199 2073 410 2106 Aristoteles
435 2074 486 2105 ita
510 2073 716 2115 appellatam
742 2073 907 2115 prodidit,

200 2125 363 2167 quoniam
399 2129 544 2166 repente
592 2123 754 2166 apparuit
791 2128 907 2156 enata.

198 2175 438 2217 AEglosthenes
461 2174 656 2216 Cynthiam,
681 2174 740 2205 alii
766 2173 908 2216 Ortygi-

198 2235 268 2265 am,
284 2225 474 2264 Asteriam,
491 2226 642 2266 Lagiam,
659 2224 907 2266 Cblamydiam,

200 2276 409 2318 Cynethum,
432 2276 624 2317 Pyrpilem,
647 2275 728 2316 igne
757 2274 807 2306 ibi
837 2275 907 2316 pri-

198 2337 292 2359 mum
305 2330 458 2368 reperto.
492 2326 653 2367 Cingitur
665 2326 813 2368 quinque
823 2326 906 2358 mill.

199 2387 383 2419 passuum3
417 2375 568 2416 assurgit
605 2375 743 2416 Cyntho
778 2380 905 2407 monte.

198 2427 290 2459 Vide
306 2426 468 2458 Plinium.
507 2425 609 2466 Apud
625 2434 662 2456 se
679 2429 795 2456 tamen
811 2425 905 2466 geni-

200 2482 254 2522 tos
272 2477 467 2518 Apollinem
483 2480 520 2508 et
535 2475 694 2515 Dianam,
718 2484 785 2506 non
806 2475 906 2516 Delo,

199 2533 238 2558 ut
257 2529 376 2568 vulgus
392 2526 568 2565 credebat,
587 2529 776 2557 memorant
791 2525 904 2566 Ephe-

198 2577 240 2608 sii
256 2577 345 2618 apud
361 2577 520 2608 Tacitum
536 2575 661 2608 Annal.
679 2584 736 2607 m.
759 2579 794 2607 et
808 2575 903 2607 Stra-

198 2627 322 2659 bonem
339 2627 398 2657 lib.
415 2635 495 2658 xiv.

241 2677 305 2707 703
338 2676 412 2706 Tela
438 2674 512 2715 tibi]
543 2674 689 2716 Supple,
718 2673 899 2706 mittenda.

198 2726 398 2767 lentandus]
425 2726 647 2758 Flectendus.
692 2725 743 2758 Ut
767 2724 903 2765 Virgili-

968 1223 1028 1245 us:
1054 1213 1064 1231 ‘
1082 1213 1279 1246 Lentandus
1295 1223 1407 1246 remus
1423 1214 1456 1245 in
1474 1212 1591 1245 unda.’

1009 1267 1074 1297 704
1095 1265 1213 1306 Arcus]
1235 1262 1328 1297 Hinc
1349 1265 1359 1282 ⁴
1373 1263 1586 1296 arcitenens'
1600 1263 1672 1296 dic-

968 1318 1034 1346 tus.
1094 1314 1239 1346 AEtherei
1267 1316 1346 1346 dono
1373 1323 1490 1346 cessere
1526 1317 1674 1355 parentes

966 1365 1134 1396 AEternum
1140 1364 1259 1406 florere
1269 1364 1384 1406 genas]
1398 1364 1439 1396 ld
1452 1369 1518 1405 est,
1527 1364 1672 1396 aetherei

968 1421 1143 1457 parentes,
1169 1426 1228 1447 seu
1241 1415 1382 1457 Jupiter
1397 1420 1434 1448 et
1450 1416 1592 1452 Latona,
1608 1414 1672 1446 tibi

967 1475 1108 1498 munere
1131 1471 1390 1507 concesseruut,
1411 1470 1452 1498 ut
1476 1475 1575 1507 genae
1602 1469 1671 1497 tuae

967 1521 1134 1548 aeternum
1162 1515 1338 1557 florerent,
1359 1516 1395 1547 id
1419 1520 1486 1555 est,
1508 1515 1598 1547 sicut
1622 1515 1672 1546 ait

965 1565 1110 1607 Statius,
1132 1572 1171 1598 ut
1193 1568 1204 1585 ‘
1223 1566 1330 1598 Nulla
1353 1575 1454 1608 genas
1476 1566 1599 1606 lanugo
1619 1565 1671 1597 ni-

969 1621 1084 1650 tentes
1100 1618 1283 1659 Carperet,
1304 1622 1340 1649 et
1356 1617 1503 1660 pulchrae
1518 1615 1672 1649 fuscaret

965 1668 1076 1708 gratia
1099 1667 1244 1700 formae:
1297 1669 1343 1700 Et
1369 1667 1433 1700 lioc
1463 1667 1561 1708 dicit,
1591 1667 1672 1709 quia

965 1717 1092 1759 Apollo
1105 1718 1361 1760 exprimebatur
1373 1718 1550 1751 imberbis.
1569 1716 1671 1750 Unde

957 1768 1060 1809 jocus
1088 1769 1243 1810 Dionysii
1269 1769 1395 1801 Siciliae
1420 1768 1585 1809 Tyranni,
1612 1768 1671 1811 qui

965 1828 1044 1850 cum
1059 1819 1226 1860 Epidauri
1243 1819 1381 1851 barbam
1398 1828 1536 1850 auream
1553 1819 1670 1851 AEscu-

965 1869 1057 1910 lapio
1075 1869 1167 1901 demi
1185 1869 1355 1911 jussisset,
1379 1867 1573 1910 affirmavit,
1598 1879 1668 1902 non

965 1920 1147 1952 convenire
1171 1925 1306 1961 patrem
1324 1919 1518 1960 Apollinem
1545 1913 1670 1952 imber-

963 1968 1052 2008 bem,
1068 1969 1176 2011 ipsnm
1192 1979 1272 2001 vero
1291 1968 1472 2001 barbatum
1488 1970 1654 2011 conspici.

1005 2022 1067 2052 7⁰5
1083 2020 1130 2051 Tu
1140 2021 1248 2052 doctus
1260 2020 1386 2062 iniquas
1397 2021 1574 2052 Parcarum
1586 2030 1669 2062 γνα-

961 2080 1050 2103 nosse
1064 2072 1186 2113 ’nanu-3]
1207 2071 1286 2103 Hoc
1312 2071 1410 2111 dicit,
1435 2071 1518 2113 quia
1543 2070 1668 2113 Apollo

962 2121 1165 2153 divinationi
1192 2130 1340 2162 praeesse
1357 2121 1533 2153 veteribus
1548 2121 1670 2154 crede-

963 2170 1073 2203 batur.
1118 2170 1264 2212 Iniqua-e]
1299 2170 1390 2204 Quia
1415 2180 1531 2202 earum
1561 2181 1668 2213 opera

962 2219 1154 2252 hominibus
1171 2219 1381 2252 moriendum
1396 2225 1463 2253 est.

1003 2274 1067 2303 706
1092 2272 1267 2313 fatumque
1281 2271 1360 2312 quod
1376 2266 1474 2312 ultra]
1501 2270 1578 2304 Hoc
1599 2275 1667 2313 est,

962 2331 1017 2353 res
1042 2321 1188 2358 suturas,
1212 2331 1288 2364 quae
1312 2326 1391 2362 post
1412 2321 1477 2354 hoc
1502 2331 1666 2363 praesens‚

960 2372 1090 2405 debent
1107 2374 1259 2406 evenire.

1002 2427 1066 2456 50⁷
1090 2424 1135 2457 Et
1153 2435 1270 2456 summo
1289 2424 1447 2467 placitura
1467 2421 1561 2463 Jovi]
1584 2423 1664 2456 Non

959 2475 1048 2506 enirn
1072 2475 1234 2506 eveniunt
1260 2484 1313 2506 res
1334 2474 1475 2513 futurae,
1498 2473 1562 2504 nisi
1586 2473 1666 2515 quia

958 2524 1038 2556 Jovi
1055 2525 1087 2555 id
1104 2525 1232 2565 placet,
1256 2524 1389 2566 ipsique
1405 2524 1467 2554 boc
1483 2522 1661 2554 decretum

963 2579 1028 2606 est.
1073 2575 1186 2606 Annus
1209 2574 1330 2616 letifer]
1353 2573 1421 2607 Qui
1444 2572 1592 2613 morbos,
1613 2570 1664 2605 fa-

961 2633 1063 2660 mem,
1087 2627 1125 2655 et
1147 2628 1292 2665 pestem,
1315 2623 1437 2668 quibus
1454 2623 1572 2666 populi
1594 2632 1663 2655 mo-

961 2673 1108 2710 riuntur,
1125 2672 1235 2706 affert.

1587 425 1699 468 705·
