1820 3068
213 170 300 215 674
720 185 760 216 Ρ.
792 186 983 218 parrum
1016 186 1181 219 srA‘rn

213 279 416 334 Gargara
437 279 639 323 desidunt
658 282 866 336 surgenti,
885 285 930 325 et
946 282 1084 339 Troja
1103 284 1301 328 recedit:

211 349 342 392 Stant
360 349 508 391 moesti
528 349 730 402 comites,
749 349 996 406 frustraque
1015 353 1220 395 sonantia
1238 354 1397 398 laxant
1588 355 1674 398 550

211 416 306 459 Ora
325 430 475 467 canes,
491 418 781 473 umbramque
797 422 972 474 petunt,
986 423 1030 462 et
1046 421 1195 463 nubila
1213 422 1388 464 latrant.
1433 447 1436 450 -

211 485 347 528 Hanc
367 485 563 527 undante
582 499 705 528 mero
722 486 923 539 fundens,
943 491 1080 530 vocat
1097 489 1249 532 ordine
1269 493 1452 532 cunctos

211 554 473 605 CoelicolaS,
494 553 714 597 Phoebum
733 558 835 597 ante
855 555 995 610 alios3
1025 556 1248 599 Phoebum
1268 558 1413 600 omnis
1433 557 1492 600 ad
1518 570 1617 601 aras

207 621 368 665 Laude
389 623 480 665 ciet
499 622 727 676 comitum,
746 623 1067 680 famulumque,
1089 625 1270 669 evincta
1287 625 1456 681 pudica

203 769 317 810 pennis
328 770 480 812 >Aquila:
505 771 655 812 Gargara
679 770 895 813 deprimuntur
918 770 1052 813 sublato,
1075 776 1107 804 et
1133 772 1227 813 Trqy'a
1245 777 1442 808 remotetur:
1463 777 1551 807 stant
1564 773 1675 817 afflicti

206 813 297 852 socii,
312 817 344 846 et
357 824 448 847 canes
462 815 666 856 nequicquam
678 816 803 847 solvunt
817 815 987 847 stridentes
1000 814 1125 856 fauces,
1141 819 1171 847 et
1181 820 1291 858 petunt
1306 817 1457 854 umbram,
1467 829 1505 850 ac
1520 817 1613 850 nubes
1626 818 1673 850 al·

210 855 342 888 latrant.
373 857 546 898 Adrastus,
552 858 693 898 fundens
706 858 786 891 hanc
797 858 946 900 scyphum
958 859 1086 899 plenum
1097 859 1182 899 vino,
1191 859 1314 892 invocat
1328 870 1433 893 omnes
1446 861 1529 893 serie
1540 861 1670 899 coelites,

202 907 273 939 11⁷·ae
284 900 399 933 ceteris
412 901 589 944 Apollinem
598 911 612 940 ‚·
632 900 734 934 omnis
748 901 855 934 cohors
869 901 1022 933 sociorum
1037 911 1074 933 aa:
1096 912 1266 946 servorum,
1285 903 1433 936 redimita
1461 905 1549 937 lauro
1573 906 1672 944 casea,

823 1010 842 1023 O

1045 1009 1064 1022 0

206 1083 312 1116 Hunc
338 1095 474 1118 versum
501 1095 582 1127 non,
605 1086 670 1119 nisi
696 1086 730 1119 in
756 1087 923 1128 margine,
950 1087 1056 1120 habet
1080 1087 1328 1120 'saurim—549
1351 1087 1514 1130 Optimus
1539 1087 1674 1121 Barthii

206 1126 341 1159 codex:
364 1139 401 1160 ac
418 1129 523 1169 Troja.
567 1130 638 1162 Pro
661 1131 805 1163 desidunt
825 1131 968 1164 Tauriu.
990 1131 1108 1171 habet,
1122 1131 1285 1163 desc-idun!
1296 1142 1309 1169 ;
1333 1131 1455 1171 voluit,
1475 1132 1673 1164 descendunt.

206 1169 261 1202 Cf.
280 1170 389 1202 Achil.
404 1181 445 1204 11.
461 1174 647 1206 308.—⁵5o
669 1175 679 1192 ‘
694 1173 737 1205 In
752 1173 872 1206 eodem
899 1173 1030 1216 optimo
1045 1174 1133 1206 libro
1155 1178 1316 1216 superest
1330 1174 1458 1206 veritas
1478 1173 1674 1216 scriptionis

205 1212 409 1254 Papinianae
432 1215 569 1256 semeia,
594 1226 671 1249 cum
696 1217 1008 1259 interpretatione:
1032 1218 1043 1235 ‘
1058 1226 1182 1249 sonare
1207 1216 1415 1249 consuetaJ’
1435 1217 1554 1249 Bar-tlt.
1600 1216 1671 1249 Pro

204 1256 314 1289 laxant
331 1257 411 1291 Nic.
434 1258 600 1291 Heinsius
622 1259 666 1293 ad
689 1260 793 1294 ovid.
814 1261 919 1294 Trist.
939 1269 981 1293 ιι.
997 1262 1075 1293 459.
1091 1260 1189 1302 legit,
1200 1261 1342 1299 lmant3
1365 1259 1457 1303 quod
1480 1260 1608 1302 probat
1628 1259 1675 1292 P.

868 1358 901 1391 N
907 1358 1009 1391 01·AE

206 1430 393 1465 Sublimem
407 1432 555 1475 pedibus
570 1434 690 1476 rapuit
699 1435 798 1470 Jovis
813 1435 914 1468 armi-

203 1493 265 1524 ger
281 1483 388 1516 uncis.
431 1485 597 1527 Longaevi
618 1486 747 1527 palmas
771 1485 912 1528 nequic-

205 1543 306 1576 quam
336 1534 381 1567 ad
411 1535 527 1567 sidera
554 1536 703 1569 tendunt
728 1537 912 1579 Custodes,

204 1584 372 1628 saevitque
388 1595 510 1619 canum
532 1587 678 1622 latratus
693 1587 728 1620 in
745 1587 869 1621 auras!

247 1638 313 1668 649
339 1637 506 1678 Gargara]
531 1638 644 1670 Unum
661 1648 679 1669 e
695 1642 842 1680 quatuor
855 1648 911 1671 ca·

203 1686 396 1719 numinibus
405 1688 531 1720 montis
541 1687 614 1721 111ae
622 1689 810 1722 seeundum
818 1690 911 1722 Stra-

204 1738 343 1780 bouem,
356 1739 415 1782 qui
433 1739 500 1773 tria
515 1740 624 1772 altera
650 1746 766 1780 vocat,
787 1740 912 1774 Phala-

202 1798 278 1830 cra,
291 1789 436 1830 Leaen,
450 1794 487 1822 et
498 1789 678 1832 Pergama.
710 1791 797 1824 Erat
806 1792 910 1836 etiam

202 1838 286 1872 urbs
322 1839 477 1881 ejusdem
512 1841 657 1874 nominis
692 1841 729 1875 in
762 1842 910 1875 Troade.

203 1889 379 1932 Desinunt]
402 1890 481 1925 Hoc
502 1891 670 1932 probatur
693 1902 738 1924 ex
761 1893 911 1926 Theore·

203 1945 298 1972 mate
321 1943 375 1972 57.
398 1940 535 1983 Opticae
561 1942 737 1976 Euclidis:
774 1942 784 1961 ⁴
798 1943 911 1976 oculo

204 1990 367 2024 celeriter
383 1997 490 2033 moto,
513 2002 566 2026 res
590 1998 775 2035 spectatae,
791 1995 912 2036 procul

204 2042 343 2084 positae,
357 2043 505 2085 relinqui
525 2053 586 2076 seu
607 2044 768 2077 desidere
791 2045 910 2078 viden-

203 2092 286 2126 tur!
311 2092 480 2135 Sur-genti]
499 2094 540 2126 ln
556 2095 678 2128 altum.
704 2095 813 2136 Troja]
827 2096 911 2128 Tro·

198 2143 238 2184 ja
254 2143 335 2176 urbs
350 2144 513 2186 primaria
520 2145 676 2187 Troadis,
687 2146 911 2188 expeditione

204 2193 419 2234 Graecorum,
434 2205 563 2239 suoque
577 2197 711 2232 excidio
722 2197 910 2231 notissima.

204 2244 355 2286 Recedit]
378 2246 560 2285 Recedere
585 2248 735 2290 videtur,
750 2248 798 2281 ita
815 2248 910 2291 judi-

204 2301 307 2329 cante
321 2298 432 2338 oculo,
458 2298 514 2339 qui
537 2303 633 2331 motu
659 2304 859 2342 conspecto,
874 2308 911 2331 se

207 2346 387 2387 quiescere
409 2347 474 2380 sibi
497 2348 600 2390 visus,
614 2353 743 2381 terram
759 2353 908 2382 retroce-

205 2395 291 2429 dere
323 2397 449 2437 credit.
491 2399 658 2440 Virgilius
687 2399 822 2433 AEneid.
850 2408 907 2432 ιιι.

203 2447 216 2466 ‘
229 2446 413 2490 Terraeque
429 2448 601 2492 urbesque
618 2449 809 2482 recedunt.’

247 2500 312 2529 550
338 2497 490 2540 Comites]
512 2496 638 2539 Amici,
652 2498 855 2542 famulique.

246 2550 310 2579 551
339 2547 565 2591 Umbramque]
601 2548 779 2590 Umbram,
807 2558 911 2591 quam

204 2603 327 2640 raptus
345 2599 563 2642 Ganymedes
588 2599 762 2642 surgendo
784 2598 910 2632 efficie-

206 2648 283 2681 bat.
486 2664 489 2667 r

210 2730 215 2733 .
249 2701 315 2731 552
331 2699 440 2742 Hanc]
457 2700 634 2735 Pateram.
668 2701 814 2735 Undante
827 2712 911 2734 mero

202 2749 353 2792 fundens]
376 2749 563 2795 Antiquam
579 2753 750 2796 expressit
765 2762 910 2788 consue-

966 1434 1120 1468 tudinem
1148 1433 1288 1467 libandi.
1332 1433 1428 1467 Nihil
1458 1431 1550 1465 enim
1577 1430 1671 1474 apud

965 1492 1101 1518 veteres
1128 1484 1357 1526 frequentius,
1373 1494 1475 1526 quam
1499 1487 1581 1524 post
1603 1492 1673 1514 coe-

965 1545 1044 1567 nam
1070 1535 1105 1567 in
1129 1535 1292 1567 honorem
1317 1535 1388 1567 Dei
1419 1534 1577 1575 alicujus,
1601 1532 1672 1567 vini

966 1586 1142 1628 paululum
1169 1584 1365 1627 infundere,
1383 1585 1440 1618 vel
1459 1585 1495 1617 in
1521 1593 1670 1616 mensam

966 1638 1023 1670 vel
1053 1637 1089 1669 in
1117 1637 1262 1679 ignem;
1303 1636 1360 1668 vel
1386 1635 1421 1668 in
1447 1640 1588 1676 terram,
1615 1636 1673 1667 vel

966 1697 1103 1730 aquam,
1118 1697 1181 1728 pro
1197 1696 1235 1719 re
1259 1686 1434 1729 praesenti.
1478 1687 1537 1719 De
1551 1695 1671 1719 mensa

964 1739 1021 1772 liic
1034 1742 1071 1770 et
1082 1737 1174 1780 apud
1190 1737 1289 1778 Virg.
1304 1738 1380 1770 AEn,
1395 1746 1421 1770 1.
1433 1738 1451 1756 ‘⁴
1463 1737 1577 1778 Dixit,
1589 1736 1673 1769 etin

965 1798 1083 1822 mensa
1094 1787 1236 1821 laticum
1251 1787 1373 1820 libavit
1386 1786 1573 1820 honorem?
1615 1786 1671 1819 De

965 1840 1047 1881 igne
1060 1839 1190 1874 Noster
1205 1837 1296 1871 infra
1312 1850 1321 1870 z
1343 1838 1354 1856 ⁴
1367 1837 1515 1871 Fundite
1532 1838 1610 1871 vina
1625 1837 1674 1870 fo-

966 1889 1039 1923 cis.’
1097 1890 1155 1922 De
1192 1893 1299 1929 terra,
1327 1888 1495 1930 Virgilius
1525 1886 1604 1921 AEn.
1637 1897 1672 1921 v.

966 1942 1083 1976 'Duo
1111 1939 1179 1972 rite
1217 1948 1313 1972 mero
1351 1938 1460 1972 libans
1486 1938 1674 1973 Carchesia

963 1991 1103 2024 Baccho
1119 1990 1247 2023 Fundit
1262 1989 1379 2022 humi!
1417 1991 1475 2023 De
1488 1999 1575 2033 aqna
1591 1999 1672 2022 vero

965 2043 1097 2075 Noster
1117 2041 1365 2084 Propemptico
1385 2041 1495 2076 Metii.
1513 2041 1647 2075 Celeris
1663 2052 1672 2072 ι

965 2101 975 2116 ·
989 2096 1105 2129 Prima
1117 2095 1282 2129 salutavit
1294 2095 1456 2137 Capreas,
1469 2098 1506 2126 et
1519 2093 1672 2134 margine

964 2147 1090 2180 dextro
1103 2147 1240 2189 Sparsit
1254 2145 1446 2187 Tyrrhenae
1473 2143 1671 2181 Mareotica

963 2198 1044 2230 vina
1068 2195 1263 2229 Minervae!
1311 2195 1403 2228 Vocat
1427 2195 1536 2227 ordine
1547 2198 1672 2226 metes

968 2245 1146 2287 Coelicolas]
1161 2245 1270 2278 Moris
1288 2245 1394 2278 etiam
1409 2250 1485 2277 erat
1497 2244 1670 2278 Pontificii

965 2299 1002 2331 in
1039 2297 1196 2330 omnibus
1230 2297 1352 2338 sacris,
1387 2300 1467 2338 post
1501 2295 1671 2338 speciales

962 2349 1073 2390 Deos,
1103 2347 1228 2390 quibus
1254 2355 1390 2380 sacrum
1413 2346 1532 2387 fiebat,
1553 2355 1670 2379 omnes

962 2400 1059 2432 Deos
1076 2409 1120 2431 ex
1135 2397 1254 2431 ordine
1269 2398 1510 2437 invocare,ne‚
1522 2396 1550 2428 si
1568 2406 1670 2439 quem

964 2449 1182 2490 omitterent,
1209 2449 1356 2481 ultorem
1383 2447 1492 2489 spreti
1518 2446 1666 2479 numinis

963 2502 1218 2543 experirentur.
1261 2498 1370 2541 Cujus
1400 2497 1548 2541 plurima
1571 2502 1671 2530 erant

964 2552 1137 2594 exempla.
1548 2594 1551 2596 -

1007 2604 1072 2634 654
1095 2600 1219 2633 Pudica
1228 2599 1360 2641 froude]
1382 2598 1554 2640 Lauro,in
1567 2608 1668 2641 quam

964 2652 1114 2694 Daphne
1151 2660 1319 2684 conversa
1348 2649 1475 2682 dicitur
1503 2649 1667 2692 fugiendo

964 2702 1179 2747 Apollinem:
1204 2701 1283 2735 hinc
1300 2709 1398 2735 sacra
1413 2698 1573 2743 Apollini.

1807 2879 1820 3068 λ-πῦι-ι-η-κ-ν
1813 2741 1820 2875 -m—
1818 2715 1820 2734 „4
1817 2683 1820 2710 *-
