1820 3068
265 232 350 274 964

774 241 814 273 P.
847 242 1038 274 PAPlNll
1072 242 1236 275 STATH

267 339 513 382 Luctibus:
546 341 677 392 atque
699 335 813 380 adeo
832 338 1023 392 primum
1046 339 1133 381 hoc
1154 339 1263 381 mihi
1284 339 1472 383 noscere
1493 340 1646 383 detur:

265 406 417 448 Tertia
437 409 564 448 canet
581 405 752 460 hyems,
774 406 846 448 cui
864 407 1146 448 connubialia
1165 406 1330 458 vincla,

264 472 361 516 Aut
380 474 564 516 thalami
584 476 781 515 secretus
801 474 976 516 honos‘l
1009 474 1130 530 quod
1152 474 1339 529 conjuge
1358 480 1520 532 pectus

265 542 495 597 Intepuit'?
526 541 655 596 cujus
677 542 791 583 vidit
812 543 983 584 Lucina
1002 543 1213 584 labores?

264 610 432 661 Dicite,
452 610 524 652 vel
538 609 691 664 justos
713 610 841 665 cujus
863 611 1091 664 pulsantia
1110 623 1286 652 menses

1646 613 1732 672 115

263 676 388 719 Vota
407 678 606 720 tument'l
637 690 728 731 qua
748 691 863 732 pace
883 679 1001 720 feras
1023 679 1316 734 volucresque
1330 659 1478 735 jugari

263 745 375 788 Mos
395 746 551 788 datus:
584 745 671 787 heu
691 747 870 799 segnes!
900 746 1102 800 potuitne
1123 746 1301 789 ultricia
1321 747 1474 790 Graiis

261 813 522 867 Virginibus
541 813 649 855 dare
670 813 758 854 tela
778 818 919 867 pater,
940 813 1166 868 laetusque
1186 812 1403 864 dolorum,

263 881 489 936 Sanguine
508 893 691 923 securos
704 880 919 935 juvenum
939 881 1200 935 perfundere
1219 882 1431 923 somnos?

263 949 327 992 At
346 962 431 991 nos
451 948 612 1002 vulgus
630 948 774 991 iners:
806 949 926 1004 quod
943 950 983 991 si
1006 948 1290 1004 propioribus
1306 949 1417 991 actis

1645 922 1732 995 120

260 1074 354 1112 atque
378 1072 433 1104 leoc
446 1071 582 1113 primum
595 1071 674 1103 milui
695 1071 776 1103 scire
793 1070 908 1103 liceat.-
931 1071 1029 1103 tertia
1043 1071 1150 1112 hyems
1165 1071 1292 1103 albescit
1313 1071 1446 1111 nivibuu,
1467 1071 1519 1103 eui
1538 1071 1633 1111 fuere
1647 1080 1729 1112 nup-

261 1113 355 1146 tiales
371 1116 544 1156 amplexus,
565 1118 621 1146 aut
635 1114 769 1146 thalami
782 1114 880 1146 hortor
893 1117 1054 1146 secretus?
1076 1114 1127 1145 cui
1146 1114 1236 1146 sinus
1249 1114 1364 1146 marito
1378 1115 1511 1146 incaluit
1522 1112 1539 1146 ζ’
1559 1114 1648 1154 cidus
1663 1114 1729 1145 Lu-

260 1156 333 1189 cina
347 1158 428 1189 vidit
441 1155 577 1198 partus?
599 1157 775 1198 loquimini,
797 1157 846 1189 vel
868 1156 955 1196 cnjus
974 1160 1082 1188 uterus
1105 1159 1212 1196 turget
1227 1158 1401 1189 accelerans
1416 1157 1573 1197 legitimos
1586 1166 1704 1188 menses
1714 1154 1732 1189 :1

261 1209 321 1240 quo
333 1200 455 1239 foedere
469 1200 599 1232 inducta
611 1201 809 1236 consuetudo,
825 1198 941 1232 bestias
955 1203 987 1231 et
1001 1209 1072 1231 aves
1086 1199 1236 1240 copulari.
1282 1200 1356 1232 Heu
1385 1199 1534 1240 ignavoe!
1580 1199 1730 1231 Potuitne

256 1246 350 1283 pater
374 1244 499 1275 tradere
525 1243 666 1275 vindices
681 1253 768 1275 enses
786 1243 899 1284 puellis
915 1242 1041 1282 Graiis,
1063 1246 1108 1282 et,
1124 1243 1274 1282 'gaudens
1297 1242 1399 1281 malis,
1421 1252 1528 1274 cruore
1550 1251 1730 1283 respergere

261 1285 470 1327 improvidum
483 1286 723 1319 adolescentium
737 1289 895 1328 soporem?

943 1285 985 1317 At
999 1295 1055 1317 nos
1071 1285 1163 1317 turba
1177 1285 1294 1325 segnis.
1343 1285 1434 1322 Quod
1447 1286 1475 1317 si
1490 1295 1565 1327 opus
1584 1289 1632 1318 est
1654 1294 1727 1327 pro-

873 1375 1118 1388 ‘emmeaeoe

260 1447 366 1489 Rapt.
388 1447 551 1488 Proserp.
567 1456 609 1479 11.
623 1449 701 1479 28⁷.
717 1446 884 1480 correxit:
911 1456 966 1478 nec
990 1447 1118 1478 numina
1141 1448 1391 1480 darana—110
1414 1448 1568 1490 Optimae
1594 1446 1730 1480 Barthii

258 1489 466 1522 membranae
480 1500 489 1521 z

509 1500 569 1531 par·
593 1490 672 1521 mihi
696 1491 810 1522 sumite
824 1490 1037 1522 roban—Ill
1063 1491 1160 1522 Unus
1180 1490 1303 1523 Behot.
1325 1501 1423 1533 usque
1443 1493 1639 1524 adem—112
1666 1492 1728 1522 Ter

258 1534 349 1565 modo
362 1537 454 1565 canet
462 1533 571 1574 hyems
585 1532 653 1565 duo
669 1532 773 1565 codd.
790 1533 1089 1565 Barthiani.—113
1115 1533 1226 1565 Codd.
1245 1543 1362 1566 omnes
1384 1534 1577 1574 Barthiani,
1592 1538 1630 1566 et
1646 1534 1728 1567 Pur.

258 1577 310 1608 cui
323 1577 455 1617 conjuge
465 1586 479 1614 ,·
503 1575 593 1608 Dan.
607 1586 677 1617 quae
694 1575 835 1616 conjuge.
859 1575 1036 1608 Posterius
1053 1575 1168 1617 placet
1184 1575 1478 1610 Gronovio.—-ll7
1504 1577 1624 1610 Codex
1641 1577 1726 1609 Bar-

918 1662 1061 1695 NOTAE

257 1730 314 1762 hic
337 1738 402 1772 pro
428 1728 560 1761 maritis
585 1727 713 1770 posita,
742 1727 779 1760 id
808 1731 875 1769 est,
900 1737 967 1770 qua

256 1780 343 1814 'alios
357 1779 500 1812 maritos
515 1780 741 1812 inveniamus.

302 1833 366 1863 112
391 1829 506 1871 Canet]
530 1830 588 1862 Ob
603 1829 699 1862 nives
722 1828 865 1862 scilicet.
905 1828 968 1860 Cui

255 1882 470 1924 connubialia]
490 1879 760 1922 Interrogative.
839 1905 844 1909 .

301 1936 364 1966 113
388 1934 456 1965 Aut
479 1932 611 1965 thalami
639 1935 778 1964 secretus
793 1930 901 1971 honos]
924 1929 967 1961 Id

257 1986 326 2024 est,
350 1983 522 2024 legitimus
549 1982 766 2022 concubitus,
793 1982 851 2023 qui
877 1981 916 2012 fit
931 1981 967 2012 iu

257 2037 395 2066 secreto
411 2033 574 2065 thalamo.
599 2031 669 2064 Sed
684 2031 790 2071 forte,
806 2031 856 2063 ait
870 2031 966 2073 Guy-

257 2089 348 2126 etus,
365 2084 416 2116 sic
441 2083 510 2125 legi
532 2083 660 2115 debent
686 2082 722 2114 hi
735 2082 802 2114 duo
823 2091 960 2114 versus:

256 2136 265 2153 ⁸
278 2134 396 2167 Tertia
404 2138 507 2166 canet
517 2133 656 2175 hyems:
673 2143 741 2175 qua
749 2132 966 2165 connubialia

256 2185 381 2221 vincla,
413 2185 460 2216 Et
490 2184 629 2216 thalami
655 2189 811 2216 secretus
835 2183 966 2215 honos!

254 2235 298 2267 Id
313 2240 377 2276 est,
399 2234 524 2267 tertius
545 2234 601 2266 hic
618 2243 726 2266 annus
751 2239 815 2273 est,
837 2243 880 2265 ex
898 2242 965 2275 quo

255 2287 393 2320 sublata
423 2290 502 2318 sunt
522 2285 728 2317 matrimonii
749 2285 843 2326 jura,
858 2289 894 2316 et
909 2284 964 2316 ho·

254 2347 317 2370 nos
333 2336 486 2377 thalami,
501 2336 535 2367 id
561 2339 627 2372 est,
651 2334 822 2376 legitimus
838 2343 963 2366 eoncu—

254 2387 361 2420 bitus.
409 2387 501 2423 Quod
525 2385 654 2426 conjuge
673 2388 782 2426 pectus
806 2383 965 2425 Intepuit]

254 2438 381 2470 Placet
397 2436 573 2469 Gronovio
585 2434 677 2478 quod
702 2435 737 2466 in
761 2435 964 2477 quibusdam

257 2488 419 2529 scriptis:
443 2497 512 2528 (μω
539 2485 672 2526 conjuge
683 2489 792 2527 pectus
816 2485 965 2526 intepuit.

255 2540 305 2572 Ut
330 2538 437 2571 Theb.
453 2546 505 2570 ιν.
530 2536 666 2569 ‘Genus
695 2535 873 2578 fulgebitis
903 2545 961 2568 au-

255 2590 318 2623 ro?

299 2642 362 2672 114
386 2638 523 2680 Lucina]
545 2639 624 2671 Des
638 2647 716 2680 quae
731 2642 861 2680 praeest
888 2647 963 2680 par-

256 2691 318 2723 tui.

298 2743 361 2772 116
389 2741 484 2782 Vota]
506 2739 548 2771 ld
563 2743 629 2781 est,
647 2742 798 2780 ventres,
812 2748 871 2771 seu
883 2748 961 2780 par-

255 2796 325 2833 tus,
349 2795 492 2833 propter
514 2800 597 2832 quos
615 2793 696 2823 vota
718 2790 961 2832 suscipiuntur.

1021 1726 1079 1759 Sic
1095 1726 1184 1759 Hos.
1208 1735 1261 1760 rx.
1279 1730 1332 1760 16.
1378 1728 1572 1761 mmmm
1590 1730 1725 1772 vit-am,

1019 1777 1056 1810 id
1070 1782 1137 1819 est,
1162 1778 1172 1795 ‘
1185 1777 1354 1811 desideria
1369 1780 1460 1812 uteri
1472 1779 1483 1794 '
1505 1781 1667 1824 ipsorum,
1689 1782 1726 1815 id

1022 1832 1087 1869 est,
1101 1829 1112 1847 ‘
1128 1828 1254 1861 liberos
1270 1829 1594 1864 desideratissimos:

1066 1881 1128 1911 117
1152 1879 1306 1912 Potuitne
1326 1881 1455 1913 ultricia
1478 1882 1591 1914 Graiis
1618 1883 1727 1925 Virgi-

1021 1930 1112 1962 nibus
1125 1931 1201 1962 dare
1212 1929 1274 1962 tela
1293 1931 1403 1972 pater]
1425 1931 1596 1973 Intelligit
1610 1933 1725 1966 Daua-

1022 1989 1091 2020 um,
1113 1980 1212 2021 cujus
1227 1979 1321 2021 fiiiae,
1336 1991 1421 2023 quas
1435 1981 1492 2014 hie
1512 1981 1637 2015 Graias
1649 1984 1725 2015 uir-

1020 2031 1117 2073 gines
1148 2037 1261 2072 vocat,
1279 2033 1422 2066 consilio
1451 2034 1559 2075 patris
1582 2043 1726 2076 sponsos
1793 2047 1798 2053 ‘

1021 2082 1132 2123 prima
1170 2082 1368 2124 nuptiarum
1410 2087 1512 2116 nocte
1540 2084 1726 2118 interfece-

1020 2137 1113 2166 runt.
1159 2133 1254 2165 Nota
1278 2132 1407 2165 fabula.
1457 2134 1613 2176 Uter-teia]
1633 2136 1725 2170 Quia

1020 2184 1083 2216 hoc
1110 2183 1212 2216 modo
1238 2184 1358 2217 ulcisci
1392 2185 1557 2218 credebat
1579 2190 1725 2219 mortem

1021 2244 1130 2275 suam,
1140 2244 1240 2277 quam
1253 2235 1320 2266 sibi
1335 2235 1380 2267 ab
1392 2244 1459 2267 uno
1472 2246 1492 2267 e
1506 2238 1645 2277 generis
1660 2238 1724 2270 im·

1019 2285 1171 2327 pendere
1189 2285 1327 2317 oraculo
1341 2290 1539 2327 acceperat.
1561 2287 1629 2319 Vel
1644 2289 1726 2330 qui's

1016 2335 1081 2367 hoc
1092 2334 1193 2366 modo
1208 2334 1440 2367 ulciscebatur
1450 2335 1591 2378 injurias
1607 2347 1690 2379 quus
1703 2348 1725 2370 a

1017 2384 1128 2417 fratre
1143 2384 1295 2426 AEgypto
1317 2390 1522 2427 receperat:
1546 2387 1638 2428 quod
1660 2397 1720 2420 ex·

1018 2436 1136 2478 pulsus
1152 2445 1197 2468 ex
1211 2435 1363 2477 AEgypto
1375 2445 1395 2468 ι
1409 2435 1518 2469 fruti-e
1530 2429 1657 2471 fueffnt.

1063 2488 1126 2518 120
1150 2485 1359 2527 Pwpioribus
1395 2485 1491 2528 actis]
1517 2487 1720 2530 Exemplum

1015 2535 1161 2569 filiarum
1178 2536 1469 2569 Danaivetustius
1479 2541 1555 2570 erat
1568 2547 1578 2577 ;
1591 2535 1722 2570 idcireo

1016 2587 1188 2620 recentius
1216 2586 1357 2620 adducit
1372 2588 1536 2620 Procnes.
1579 2587 1626 2619 Et
1650 2597 1720 2628 pro-

1013 2637 1154 2679 pioribus
1182 2636 1311 2679 forsan,
1333 2637 1411 2679 quia
1432 2637 1589 2678 Thracia,
1603 2636 1639 2668 iu
1653 2647 1721 2680 qm
1788 2646 1802 2672 g-

1016 2690 1090 2722 haec
1117 2688 1244 2729 omnia,
1267 2698 1344 2731 qnae
1369 2688 1531 2720 dicuutur
1551 2686 1596 2720 de
1611 2688 1722 2721 Tereo

1015 2744 1051 2771 et
1067 2739 1215 2780 Procne,
1230 2743 1331 2781 gesta
1343 2742 1438 2779 sunt,
1453 2738 1567 2772 vicina
1581 2743 1658 2772 erat
1669 2739 1721 2772 iu·

1015 2790 1098 2823 oulae
1111 2791 1249 2823 Lemno.
