1820 3068
267 178 381 222 1010

269 286 326 328 Et
348 286 546 330 Nemees
563 287 765 339 reptatus
785 296 901 337 ager,
921 284 1139 340 lucosque
1160 299 1239 341 per
1259 299 1411 330 omnes

268 354 525 409 Sylvicolae,
545 353 703 403 fracta,
725 353 977 407 gemuistis,
998 353 1227 405 arundine,
1250 354 1415 398 Fauni.

268 422 377 477 Ipse
398 423 533 465 etiam
553 435 729 464 summa
738 421 947 477 jam-tela
966 430 1238 478 poposcerat
1259 425 1401 466 aethra

266 491 463 547 Jupiter,
479 496 526 534 et
546 490 711 533 dudum
730 490 956 545 nimbique
978 490 1248 547 hyemesque
1268 493 1465 546 coibant,

268 560 334 602 Ni
355 561 494 602 minor
517 560 582 602 ira
601 559 718 609 Deo,
740 558 1033 614 gravioraque
1050 559 1140 602 tela
1158 560 1317 606 mereri,

269 629 480 671 Servatus
503 627 743 682 Capaneus
761 640 771 668 :
803 626 915 668 moti
936 630 1086 678 tamen,
1105 641 1214 670 aura
1233 618 1428 672 cucurrit

268 697 503 748 Fulminis,
525 700 570 738 et
587 708 783 737 summas
801 695 963 738 libavit
982 696 1149 739 vertice
1169 697 1345 739 cristas.
1436 697 1448 701 ’

266 766 464 820 Jamque
483 765 714 820 pererratis
734 764 891 806 infelix
913 764 1103 807 Lemnia
1122 767 1311 821 campis,

268 835 404 876 Liber
424 839 472 876 ut
491 847 634 888 angue
654 834 798 883 locus,
817 833 997 875 modico
1017 846 1151 888 super
1169 846 1327 888 aggere
1346 834 1476 890 longe

267 903 450 945 Pallida
468 902 721 956 sanguineis
741 902 933 944 infectas
953 902 1126 944 roribus
1144 903 1303 945 herbas
1439 951 1441 953 ¹

267 970 526 1025 Prospicit:
557 970 644 1012 huc
665 983 826 1024 magno
847 983 1021 1011 cursum
1043 970 1159 1024 rapit
1179 969 1311 1013 effera
1330 971 1470 1024 luctu,

265 1037 571 1093 Agnoscitque
590 1037 745 1080 nefas:
776 1041 995 1091 terraeque
1012 1037 1133 1079 illisa
1152 1039 1331 1080 nocenti

268 1106 484 1148 Fulminis
504 1106 552 1147 in
572 1118 758 1155 morem,
779 1118 868 1146 non
890 1105 1028 1147 verba
1046 1105 1092 1147 in
1111 1105 1264 1148 sunere
1286 1106 1447 1161 primo,

774 189 815 218 P.
849 186 1041 220 PAPINU
1075 188 1242 221 STA'ru

1649 903 1736 952 590

265 1217 359 1246 mees,
379 1216 438 1248 per
452 1216 541 1248 quem
555 1205 712 1249 serpebat,
733 1214 770 1236 ac
787 1204 894 1236 Fauni
919 1203 1113 1236 habitatores
1133 1214 1293 1236 nemorum
1315 1205 1405 1237 illum
1423 1205 1567 1248 flevistis
1587 1207 1735 1240 laceratis

264 1250 373 1282 cannis
387 1260 443 1291 per
457 1253 582 1282 cunctos
590 1250 702 1281 saltus.
725 1248 796 1289 Ipse
808 1248 903 1280 etiam
912 1247 1043 1289 Jupiter
1049 1247 1121 1286 jam
1134 1248 1289 1288 petiverat
1294 1249 1434 1287 fulmina
1444 1259 1464 1281 a
1474 1259 1592 1282 summo
1607 1251 1736 1292 ueniere,

264 1297 296 1325 et
317 1293 413 1325 nubes
432 1303 469 1325 ac
490 1294 634 1334 procelloe
649 1293 765 1323 dudum
777 1290 979 1331 cogebantur,
1001 1290 1064 1322 nisi
1079 1290 1176 1322 levior·
1189 1292 1279 1333 culpa
1291 1291 1360 1324 visa
1374 1296 1467 1334 esset,
1489 1302 1582 1334 quarn
1595 1296 1630 1325 ut
1645 1294 1735 1326 Deus

263 1339 470 1376 succenseret,
490 1339 522 1368 et
545 1338 687 1367 servatus
703 1335 774 1374 fuit
798 1335 973 1375 Capaneus,
993 1337 1031 1365 ut
1052 1335 1204 1373 graviora
1216 1335 1337 1375 spicula
1351 1339 1540 1367 mereretur.-
1562 1340 1672 1368 ventus
1685 1340 1735 1368 tu-

263 1389 335 1412 men
349 1379 489 1411 concussi
505 1378 656 1416 fulminis
679 1377 887 1419 pertransivit
898 1387 993 1418 supra
1007 1380 1098 1417 caput
1113 1376 1192 1417 ejus,
1213 1381 1246 1409 et
1268 1378 1461 1419 perstrinxit
1479 1388 1615 1420 summas
1631 1380 1736 1420 galeoe

263 1423 388 1455 cristas.
435 1424 480 1454 Et
500 1421 570 1461 jam
585 1422 780 1460 infortunata
795 1420 940 1457 Lemnia,
960 1420 1141 1461 peragratis
1154 1420 1255 1460 agris,
1274 1424 1310 1452 ut
1325 1421 1411 1453 locus
1422 1431 1538 1454 vacuus
1553 1422 1624 1460 fuit
1636 1432 1656 1454 a
1666 1432 1735 1455 oer-

260 1470 369 1507 pente,
387 1467 506 1507 pallida
517 1466 623 1505 procul
636 1463 860 1495 animadvertit
874 1473 967 1504 super·
984 1472 1117 1503 parvum
1130 1464 1282 1494 tumulum
1294 1473 1426 1502 gramen
1438 1473 1611 1505 respersum
1623 1475 1734 1497 cruen-

263 1509 307 1541 tis
319 1509 433 1550 guttis.
478 1509 560 1540 Illuc
582 1507 705 1549 percita
729 1507 855 1545 ingenti
867 1507 971 1537 dolore
985 1505 1145 1537 contendit
1159 1507 1296 1538 maximo
1310 1516 1417 1548 cursu,
1434 1510 1470 1538 'et
1484 1508 1627 1548 agnoscit
1642 1518 1733 1540 suunt

263 1552 490 1591 infortunium.-
513 1554 545 1583 et
569 1550 714 1590 injiciens
728 1560 762 1582 se
776 1549 909 1589 nefatiae
931 1552 1024 1580 terrae
1049 1549 1154 1580 instar
1169 1549 1332 1590 fulminis,
1353 1560 1415 1582 non
1434 1550 1527 1583 habet
1540 1560 1655 1593 vocem,
1675 1561 1733 1584 nec

263 1694 444 1725 hot-583
470 1693 541 1733 Ipse
552 1691 648 1724 etiam
663 1701 679 1722 e
693 1701 814 1723 summa
831 1691 940 1732 Laug.
965 1691 1068 1722 Lanr.
1086 1689 1220 1722 Buslid.
1237 1689 1389 1732 Lipsian.
1401 1690 1490 1723 Dan.
1506 1690 1590 1723 Put.
1605 1689 1732 1724 Petav.

265 1736 369 1768 Aldd.
385 1736 498 1767 Colin.
513 1735 647 1777 Gryph.
666 1735 772 1766 Basil.
795 1734 912 1766 Plant.
928 1733 1160 1771 Lindenbross.
1178 1734 1281 1766 Cruc.
1297 1737 1335 1766 et
1350 1733 1498 1766 Gerart.
1541 1734 1616 1774 Ipse
1636 1734 1734 1766 etiam

261 1789 382 1811 summa
399 1785 546 1820 uterque
562 1778 689 1810 Behot.
705 1777 849 1809 Amstcl.
867 1777 1022 1809 Gronov.
1038 1777 1160 1808 Barth.
1174 1777 1286 1808 Veen.
1302 1781 1340 1809 et
1355 1777 1482 1818 Delph.
1525 1777 1627 1808 AEina
1641 1777 1732 1818 opti-

263 1832 338 1853 mus
354 1822 574 1854 Barthianus.
595 1821 704 1861 Lang.
728 1821 831 1852 Lanr.
857 1820 988 1852 Buslid.
1015 1820 1168 1861 Lipsian.
1196 1818 1303 1852 Aldd.
1328 1819 1440 1851 Colin.
1466 1819 1602 1860 Gryph.
1627 1819 1734 1852 Basil-

263 1865 380 1896 Plant.
406 1865 566 1896 Grasser.
593 1863 740 1896 Gevart.
765 1869 800 1895 et
826 1861 970 1894 Amstel.
991 1863 1094 1894 achra
1109 1862 1230 1904 optimi
1245 1861 1471 1902 Gronoviani,
1497 1862 1639 1894 Behott.
1655 1865 1688 1895 1.
1699 1865 1734 1896 2.

264 1909 358 1941 Dan.
386 1907 468 1941 Put.
498 1907 622 1939 PetaV.
646 1906 880 1948 Lindenbrog.
903 1906 1006 1938 Cruc.
1034 1905 1187 1937 Gronov·
1213 1905 1334 1938 Barth.
1359 1905 1469 1937 Veen.
1500 1910 1538 1937 et
1564 1903 1734 1947 Delph.'—
1794 1943 1796 1945 ,

928 1981 1070 2014 NOTAE

306 2052 370 2082 582
385 2049 416 2081 F
415 2046 701 2089 racta,gemuistis‚
710 2046 877 2086 arundine,
889 2045 973 2077 Fau-

265 2100 316 2141 ni]
340 2099 461 2139 Fauni,
486 2099 661 2140 sylvarum
688 2097 760 2129 Dii.
803 2097 898 2128 Bene
914 2105 972 2127 au-

265 2157 335 2183 tem
363 2151 427 2182 hos
446 2140 593 2182 mortem
615 2147 786 2190 serpentis
814 2147 973 2188 lugentes

263 2204 337 2235 haec
362 2204 566 2234 ornamenta
581 2209 643 2232 sua
658 2209 701 2231 ex
717 2207 812 2230 more
827 2196 972 2238 fregisse

263 2258 431 2286 memorat
441 2251 571 2284 Poeta:
588 2259 699 2282 canna
708 2249 796 2280 enim
810 2253 847 2280 et
859 2247 972 2279 ferula

262 2304 516 2337 coronabantur
540 2300 661 2334 Fanni.
706 2298 851 2332 Arunda
865 2298 970 2330 etiam

264 2355 441 2397 significat
463 2353 625 2391 fistulam,
647 2360 751 2393 quam
774 2350 849 2381 Pan
874 2349 969 2380 inve-

262 2407 351 2438 nisse
367 2405 508 2444 dicitur‚
523 2409 560 2435 et
575 2412 642 2445 qua
657 2400 768 2433 Fanni
788 2399 970 2436 canebant.

262 2456 443 2498 Significat
459 2455 563 2486 etiam
580 2452 753 2494 sagittam.

305 2510 368 2540 583
392 2505 525 2547 AEtkra]
547 2504 674 2537 Pur-ior
699 2512 780 2545 pars
808 2501 968 2543 AEtheris,

262 2559 296 2590 in
321 2568 389 2600 qua
411 2557 474 2589 Dii
503 2559 654 2587 manent.
700 2552 847 2585 Ovidius
878 2552 969 2584 Met.

261 2619 304 2642 11.
327 2609 371 2641 de
385 2608 474 2642 Jove
492 2611 638 2649 parante
658 2615 695 2637 se
711 2604 754 2636 ad
771 2603 968 2646 percutien-

262 2659 343 2692 dum
359 2658 502 2693 fulmine
517 2656 735 2689 Phaetonta:
775 2659 784 2673 ⁸
795 2655 967 2687 Summam

263 2709 353 2751 petit
375 2709 501 2740 arduus
525 2716 652 2744 arcem,
669 2705 770 2738 Unde
786 2709 904 2737 movet
916 2710 967 2737 to-

261 2760 387 2799 nitrus,
417 2758 621 2800 vibrataque
658 2755 802 2789 fulmina
826 2755 968 2797 jactat!

1027 2044 1177 2079 Quidam
1193 2044 1329 2077 codice·
1343 2043 1475 2078 habent
1489 2046 1602 2078 AEtna.
1720 2079 1722 2081 ,

1069 2098 1133 2127 584
1151 2095 1322 2136 Nimbique
1329 2095 1513 2138 hyemesque
1521 2094 1661 2137 coibant]
1676 2094 1732 2128 Ad

1026 2145 1241 2179 formandum
1258 2145 1398 2179 fulmen.

1067 2201 1130 2230 585
1157 2198 1374 2239 Gravior-uque
1400 2198 1464 2230 tela
1476 2197 1592 2230 mereri
1613 2198 1730 2232 Sem-

1025 2250 1077 2280 tus
1117 2248 1295 2291 Capaneus]
1330 2249 1372 2280 Id
1399 2253 1467 2289 est,
1496 2253 1654 2281 servatus
1685 2249 1730 2287 ad

1025 2299 1239 2340 merendum,
1252 2309 1326 2339 seu,
1340 2303 1378 2331 nt
1392 2304 1582 2332 mereretur
1595 2300 1731 2341 gravios·
1793 2326 1799 2339 .,

1025 2359 1064 2382 ra
1080 2354 1116 2382 ot
1125 2350 1274 2391 justiora
1288 2349 1445 2382 fulmina.
1483 2349 1585 2384 Quod
1600 2349 1729 2382 videbis

1024 2410 1097 2437 mus
1112 2400 1177 2431 sub
1193 2399 1296 2432 finem
1310 2400 1418 2434 Theb.
1435 2409 1479 2432 x.v

1065 2454 1132 2483 588
1153 2450 1301 2492 Lemnia]
1331 2451 1526 2494 Hypsipyle
1551 2461 1572 2483 a
1597 2451 1729 2487 Lemno

1023 2503 1151 2543 patria.

1066 2554 1130 2584 593
1155 2552 1231 2586 Nou
1245 2551 1341 2585 verba
1353 2551 1388 2585 in
1395 2552 1513 2592 sunere
1525 2551 1641 2593 pruno,
1653 2551 1730 2584 Non
1789 2552 1802 2595 “f

1023 2600 1178 2647 lacrymae
1193 2604 1302 2645 habet]
1317 2604 1397 2637 Hoc
1406 2603 1550 2637 effectus
1559 2603 1655 2636 nimii
1670 2603 1730 2639 dm
1791 2596 1801 2645 ³,

1022 2655 1119 2695 loris,
1138 2654 1196 2697 qui
1218 2654 1420 2687 intercludit
1444 2663 1564 2686 vocem
1585 2658 1623 2686 et
1636 2654 1730 2687 sistit

1021 2706 1202 2746 lacrymas.
1242 2705 1376 2737 Seneca
1390 2703 1577 2746 Tragicusz
1601 2704 1612 2721 ‘
1624 2703 1727 2736 Cure
1790 2707 1795 2714 “

1021 2756 1116 2788 leves
1146 2755 1344 2798 loquuntur,
1379 2754 1536 2798 ingentes
1563 2752 1731 2800 stupent?
1785 2750 1805 2800 ξῖ,
