1820 3068
224 216 311 283 sse

225 346 353 390 Dura
373 358 542 387 manus.

727 251 768 281 P.
803 250 997 283 PAPINII
1030 253 1196 284 STA'ru

602 345 730 387 Deus
749 345 850 400 ipse
870 346 989 388 viros
1009 347 1056 388 in
1075 347 1256 402 pulvere
1275 348 1412 390 crudo

223 414 370 456 Arcas
392 414 489 463 alit,
508 413 731 468 nudaeque
751 414 909 456 modos
928 416 1122 466 virtutis,
1145 420 1191 457 et
1210 417 1302 458 iras

225 484 482 537 Ingenerat:
513 482 639 536 vigor
658 482 762 523 inde
784 483 963 534 animis,
980 488 1025 525 et
1044 484 1199 525 mortis
1219 484 1398 526 honorae

1606 485 1692 528 230

226 549 373 592 Dulce
393 562 592 591 sacrum:
622 549 813 603 gaudent
829 553 1029 592 natorum
1049 549 1146 592 fata
1166 556 1384 604 parentes,

229 618 569 671 Hortanturque
583 618 718 660 mori:
748 618 880 660 deflet
887 618 1074 673 jamque
1095 619 1238 660 omnis
1258 619 1476 673 ephebum

226 685 398 735 Turba,
417 688 630 727 coronato
650 689 863 728 contenta
883 691 955 729 est
971 686 1125 728 funere
1147 691 1301 728 mater.

224 808 479 847 olivasferentis.
525 808 615 841 Deus
628 809 695 850 ipse
706 809 808 841 Arcas
822 810 932 841 educat
943 809 1028 842 viros
1039 809 1072 841 in
1087 811 1184 842 cruda
1198 820 1307 850 arena,
1329 814 1360 842 et
1375 810 1508 851 inspirat
1523 811 1638 850 modos,
1660 813 1692 843 et

217 851 347 890 furores
362 854 453 883 nudae
467 850 694 890 fortitudinis.-
716 853 790 883 inde
810 853 858 883 vis
879 852 1005 893 animis,
1025 856 1055 884 et
1071 852 1247 891 jucundum
1259 863 1380 884 sacrum
1392 854 1524 892 gloriosi
1538 853 1615 894 leti.-
1636 864 1691 894 pa-

224 898 331 926 rentes
345 896 496 926 loetantur
509 895 543 926 in
558 895 724 926 liberorum
738 895 838 935 obitu,
859 898 890 926 et
913 896 953 926 ad
979 898 1109 927 mortem
1132 905 1183 927 eoa
1208 896 1370 927 excitant.-
1392 897 1491 928 omnis
1513 897 1606 928 turba
1620 896 1692 936 jam

221 938 327 977 plorat
342 938 576 978 adolescentem,
590 940 625 969 at
636 937 783 978 genitrix
795 947 829 969 se
841 939 963 970 solatur
976 938 1207 981 coromiefilii
1220 939 1372 979 exequiis.
1413 940 1531 973 Tenent
1544 939 1691 976 habenas,

838 1034 919 1046 ”w
922 1030 1082 1046 ‘qe-euno

226 1100 470 1141 Delium—230
491 1100 581 1132 Dan.
604 1100 677 1132 inde
702 1100 781 1132 viris
806 1103 838 1133 et
865 1100 978 1132 mortis
1005 1101 1248 1132 honorae.-231
1274 1101 1381 1142 Lang.
1407 1101 1510 1132 Laur.
1539 1101 1690 1142 Lipsian:

224 1142 360 1175 Buslid.
378 1144 520 1174 Venett.
535 1144 633 1175 Rom.
650 1143 756 1175 Aldd.
783 1143 896 1176 Colin.
923 1143 1058 1184 Gryph.
1083 1143 1189 1174 Basil.
1214 1143 1328 1176 Plant.
1342 1143 1574 1184 Lindenbrog.
1589 1145 1691 1177 Cruc-

226 1186 371 1218 Gevart.
384 1190 421 1217 et
436 1187 592 1222 Grasser,
615 1189 760 1217 natorum
775 1186 914 1224 insuta:
938 1186 1083 1217 Taurin.
1099 1186 1258 1218 Petrens.
1274 1187 1359 1218 Exc.
1388 1187 1535 1219 Cantab.
1552 1188 1691 1228 optimae

226 1228 362 1260 Barthii
393 1229 613 1267 membmnae,
655 1233 801 1270 uterque
831 1229 957 1260 Behot.
983 1229 1073 1261 Dan.
1104 1229 1187 1260 Pnt.
1213 1229 1340 1260 Petav.
1369 1228 1513 1261 Amstel.
1539 1229 1693 1262 Gronov.

227 1271 347 1303 Barth.
366 1271 475 1303 Veen.
488 1276 526 1303 et
547 1271 672 1313 Delph.
694 1274 839 1303 natorum
855 1272 1054 1310 snm—233
1079 1270 1121 1302 Iu
1149 1272 1289 1314 optimis
1314 1272 1435 1304 Barth.
1462 1271 1690 1304 membranis:

887 1358 1036 1391 NOTAE

269 1424 335 1454 228
362 1421 451 1454 Deus
462 1421 582 1464 Arcas]
604 1422 799 1454 Mercurius
815 1422 934 1454 inven-

227 1475 284 1504 tor
299 1473 483 1513 palaestrae,
506 1482 606 1515 quam
630 1473 686 1504 hic
702 1473 816 1505 Poeta
831 1478 935 1505 vocat

228 1522 239 1539 ‘
251 1522 378 1554 nudam
391 1523 551 1554 virtutem
565 1522 586 1554 ε’
608 1522 692 1555 nudi
715 1523 807 1555 enim
822 1524 934 1556 lucta-

226 1572 368 1605 bantur.
396 1577 406 1592 ‘
420 1573 559 1605 Nudam
578 1573 742 1606 virtutem
755 1573 764 1587 ¹
778 1574 846 1606 alio
858 1584 933 1606 sen-

227 1633 266 1655 su
293 1622 430 1664 accepit
445 1624 584 1655 Gratius
607 1623 642 1654 in
659 1624 871 1665 Cynegetico
886 1624 936 1656 his

225 1672 383 1705 versibus
397 1683 406 1704 ι
430 1673 439 1690 ⁴
453 1672 556 1704 Prius
573 1673 681 1704 omnis
693 1673 727 1704 in
740 1673 842 1705 armis
850 1673 937 1714 Spes

226 1722 306 1763 fnit,
321 1727 358 1754 et
372 1711 593 1764 nuda‘sylvas
609 1723 739 1755 virtute
755 1723 938 1755 movebant

226 1774 420 1806 Inconsulti
435 1774 613 1806 homines!
645 1775 831 1806 Violenter
845 1775 936 1807 enim

187 1833 189 1835 ’
229 1817 344 1856 omnia
358 1834 475 1866 agere,
491 1818 621 1856 viribus
635 1823 746 1856 fidere
761 1824 863 1866 primi
880 1834 937 1856 ve·

226 1879 367 1906 natores
398 1874 568 1916 solebant,
603 1875 774 1917 nullisque
811 1876 936 1907 instru-

227 1925 355 1956 mentis
372 1929 433 1956 aut
448 1925 589 1957 canibus
605 1925 804 1957 utebantur.

270 1978 335 2007 230
361 1976 406 2007 Et
419 1976 531 2007 monis
544 1977 671 2007 honorae
683 1976 787 2008 Dulce
799 1977 938 2018 sacrum]

229 2026 327 2058 Nota
350 2027 508 2059 omnibus
529 2026 776 2066 διαμαστίγωσις
795 2037 856 2059 seu
872 2027 937 2069 fla-

224 2076 355 2117 gellatio
379 2087 562 2119 puerorum
587 2077 833 2118 Spartanorum
855 2083 937 2109 ante

227 2139 323 2160 aram
339 2129 473 2161 Orthiae.
491 2130 625 2170 Dianae,
644 2134 682 2161 et
696 2139 762 2172 qna
778 2134 936 2161 constan-

225 2181 276 2212 tia
298 2191 339 2214 ac
364 2181 466 2213 animi
481 2180 691 2213 firmitudine
707 2182 938 2222 plagastole-

226 2231 364 2263 rabant.
407 2231 643 2263 Plutarchus:
673 2230 714 2262 Ol
738 2232 845 2263 παῖδες
866 2232 936 2272 παρ’

228 2282 345 2318 αὐτοῖς,
359 2280 596 2321 Λακεδαίμοσιν,
618 2279 787 2320 ξαινόμενοι
800 2279 937 2322 μάστιξι,

228 2332 268 2364 δι’
280 2333 356 2371 ὅλης
367 2334 425 2370 τῆς
439 2331 554 2374 ἡμέρας
569 2331 619 2363 ἐπὶ
629 2333 686 2363 τοῦ
695 2332 802 2371 βωμοῦ
816 2330 938 2373 Ὀρθίας

228 2382 417 2425 Ἀρτέμιδος,
438 2382 530 2424 μέχρι
556 2381 689 2414 θανάτου
705 2381 860 2414 πολλάκις
874 2383 938 2414 δια-

227 2435 422 2476 καρτεροῦσι,
452 2433 553 2475 ἱλαροὶ
582 2433 633 2465 καὶ
660 2435 780 2475 γαῦροι.
834 2434 936 2465 Pueri

226 2486 311 2527 apud
338 2485 588 2517 Lacedoemonios
608 2484 787 2516 verberibus
806 2483 937 2516 lacerati

223 2545 284 2577 per
298 2538 397 2566 tolum
411 2535 493 2566 diem
504 2543 599 2575 supra
611 2544 701 2565 aram
718 2534 842 2565 Orthiae
854 2533 936 2566 Dia-

228 2595 278 2617 noe
298 2595 380 2627 saepe
399 2587 598 2626 perseverant
614 2593 708 2624 usque
727 2585 768 2615 ad
793 2587 936 2622 mortem,

229 2636 296 2667 laetz·
326 2639 357 2667 et
379 2635 561 2675 gestientes.
579 2635 732 2671 καλεῖται,
756 2634 804 2665 ait
818 2634 937 2673 etiam,

231 2685 265 2718 δὲ
294 2684 315 2724 ἡ
338 2684 467 2725 ἅμιλλα,
496 2683 750 2724 διαμασηίγωσις.
801 2683 939 2715 Vocatur

229 2740 335 2768 autem
350 2737 417 2768 hoec
436 2729 593 2777 probatio,
603 2735 798 2778 flagellatio.
844 2734 937 2766 Hinc

231 2788 318 2820 dulce
332 2796 478 2819 sacrum:
503 2795 581 2818 nam
596 2791 634 2818 et
648 2786 724 2818 haec
746 2785 935 2818 solennitas

988 1422 1150 1460 maxima,
1170 1425 1206 1454 et
1228 1431 1304 1464 quae
1320 1420 1359 1453 fit
1380 1422 1414 1453 in
1434 1421 1595 1454 honorem
1611 1423 1693 1455 Dia-

989 1481 1055 1503 nae.
1083 1472 1173 1504 Vide
1189 1477 1225 1504 et
1237 1482 1312 1514 quae
1325 1472 1479 1504 dicemus
1492 1472 1598 1506 Theb.
1609 1482 1692 1507 ΠΗ.

990 1525 1068 1554 438.

1032 1576 1094 1605 231
1122 1574 1271 1606 Gaudent
1285 1577 1430 1605 natorum
1444 1574 1521 1613 sata
1536 1577 1694 1616 parentes,

990 1623 1231 1664 Hortamurque
1267 1623 1364 1665 mori]
1407 1625 1464 1656 De
1492 1623 1695 1657 fortitudine

988 1674 1171 1706 mulierum
1191 1675 1438 1715 Spartanarum
1460 1674 1598 1715 legendi
1612 1676 1693 1708 Plu·

989 1727 1129 1759 tarchus
1156 1727 1280 1768 aliique
1295 1727 1502 1769 Scriptores.
1546 1727 1694 1760 Unicum

991 1779 1186 1818 exemplum
1214 1776 1364 1810 sufficiet
1389 1778 1573 1810 adducere.
1617 1779 1694 1811 Ma-

992 1833 1074 1869 tres,
1090 1828 1250 1861 euntibus
1267 1829 1301 1860 in
1320 1828 1446 1860 bellum
1462 1828 1540 1860 filiis
1554 1829 1694 1871 clypeos

993 1879 1183 1917 tradentes,
1204 1878 1390 1911 dicebant:
1420 1877 1494 1911 Aut
1521 1889 1598 1911 cum
1619 1880 1696 1922 hoc,

993 1933 1053 1960 aut
1064 1939 1167 1971 supra
1181 1929 1284 1960 hunc.
1329 1928 1432 1962 Quod
1443 1928 1623 1970 significat,
1639 1930 1694 1962 vel

993 1979 1144 2011 victores
1163 1978 1292 2010 debere
1313 1979 1443 2011 reverti
1465 1989 1539 2011 cum
1556 1980 1694 2022 clypeo,

991 2035 1051 2062 ant
1065 2030 1186 2061 saltem
1199 2028 1324 2061 referri
1339 2038 1444 2070 snpra
1457 2029 1547 2061 hunc
1561 2040 1572 2069 ς
1596 2029 1694 2071 flagi-

992 2079 1078 2111 tium
1108 2079 1198 2111 enim
1227 2081 1302 2110 erat
1328 2079 1485 2121 clypeum
1507 2079 1666 2112 amittere
1683 2090 1694 2112 z

992 2131 1142 2162 'relicta
1166 2139 1235 2161 non
1261 2129 1350 2161 bene
1380 2128 1559 2171 parmula‚’
1578 2133 1616 2161 ut
1643 2129 1694 2162 ait

991 2181 1170 2213 Horatius.

1037 2234 1101 2263 233
1121 2233 1277 2263 coronato
1291 2233 1435 2262 contenta
1449 2229 1615 2270 estjitner'e
1627 2241 1694 2263 ma-

993 2281 1058 2322 ler]
1083 2282 1151 2315 Qui
1165 2281 1255 2313 enim
1269 2280 1479 2321 majoricam
1501 2282 1696 2314 constantia

993 2341 1033 2363 ac
1049 2331 1151 2362 animi
1166 2330 1372 2362 fortitudine
1396 2330 1432 2361 in
1456 2330 1518 2362 ina
1535 2331 1695 2370 διαμασὴ·

992 2381 1088 2421 Ὑῶσει
1103 2388 1211 2424 usque
1230 2380 1273 2412 ad
1289 2385 1434 2412 mortem
1453 2388 1695 2422 perseverave-

991 2437 1056 2472 rat,
1083 2436 1244 2473 tanquam
1270 2430 1381 2462 victor
1399 2430 1450 2461 rei
1468 2428 1695 2471 difficillime,

991 2482 1151 2514 nimirum
1181 2480 1324 2520 doloris,
1351 2480 1591 2513 coronabatur.
1646 2479 1694 2513 Et

992 2538 1110 2565 tantus
1125 2537 1201 2564 erat
1215 2531 1394 2573 Spartanis
1412 2531 1576 2563 matronis
1589 2530 1694 2563 animi

991 2584 1100 2624 vigor,
1128 2587 1166 2615 ut
1190 2591 1267 2613 cnm
1297 2581 1505 2627 eaedendnm'
1529 2581 1693 2622 juvenem

992 2633 1100 2665 omnis
1122 2633 1224 2664 turba
1238 2630 1379 2671 defleat,
1400 2630 1484 2662 satis
1503 2630 1569 2672 ipsi
1590 2631 1693 2663 matri

992 2684 1050 2724 sit,
1069 2683 1098 2715 si
1122 2687 1183 2715 aut
1209 2685 1353 2713 mortem
1376 2684 1436 2711 ant
1453 2679 1594 2713 verbera
1608 2679 1695 2714 forti

991 2744 1032 2766 ac
1047 2741 1214 2777 generoso
1229 2731 1341 2763 animo
1355 2729 1459 2762 ferat.

1791 2316 1817 2374 sss-,w
1799 2188 1814 2233 .„.-..·‚‘
1794 2115 1811 2164 <sac

1794 1819 1820 2106 W-er-:xffi-“st'bw2
1801 1755 1815 1787 Δ·
1814 1715 1815 1718 Α

1797 2234 1811 2260 ἦ
