1820 3068
203 199 290 242 648

706 210 745 240 P.
781 209 971 240 PAPmu
1007 211 1174 241 STATH

204 305 397 360 Jamque
417 319 496 360 per
517 305 685 347 emeriti
706 318 888 360 surgens
910 307 1099 349 confinia
1119 307 1282 350 Phoebi

204 374 394 424 TitaniS,
409 374 499 415 late
519 373 685 415 mundo
700 375 914 417 subvecta
934 376 1083 418 silenti

205 441 410 484 Rorifera
428 441 616 495 gelidum
636 442 892 484 tenuaverat
912 441 1016 484 aera
1032 444 1147 498 biga.

204 510 235 553 J
237 523 308 551 am
327 509 522 565 pecudes
542 510 839 566 volucresque
858 514 1030 554 tacent:
1055 510 1149 566 jam
1170 523 1353 554 somnus
1371 513 1516 555 avaris
1551 554 1555 557 ,

206 577 398 632 Inserpit
418 577 552 629 curis,
572 591 827 634 pronusque
849 592 930 634 per
948 579 1054 622 a‘era
1073 584 1214 631 nutat,

1574 580 1660 623 340

204 691 236 720 et
250 687 339 720 audit
353 689 413 720 duo
427 689 529 720 maria
543 689 577 720 in
593 689 702 721 mediis
715 689 814 722 arvis.
861 691 906 722 Et
920 690 992 729 jam
1012 691 1084 722 luna
1098 692 1200 724 oriens
1212 701 1307 733 prope
1321 691 1462 731 limitem,
1483 700 1540 732 quo
1554 690 1599 722 sol
1613 699 1662 722 oc-

204 731 283 763 cidit
296 730 434 770 confecto
447 742 550 772 cursu,
572 733 635 763 late
652 734 774 765 sublata
788 743 884 775 supra
898 734 976 773 sopit
982 744 1032 765 um
1046 734 1160 775 orbem,
1184 734 1371 774 rarefecemt
1388 734 1547 774 frigidum
1561 732 1664 765 nk‘rem

206 774 333 806 humida
348 775 432 815 biga.
474 775 551 807 Jam
570 785 679 817 pecora
705 779 737 808 et
751 786 823 808 aves
837 777 930 808 silent
941 788 951 808 .·
965 777 1035 816 jam
1050 787 1174 810 somnus
1188 777 1300 819 irrepit
1316 777 1480 817 indefessis
1491 776 1662 811 solicitudi-

1007 863 1047 875 00

197 912 284 953 jecta
307 915 418 946 silente
426 925 439 953 ;
462 918 499 947 et
518 914 567 946 sic
588 915 808 956 Scholiastes,
829 922 864 949 et
885 917 1022 958 optimae
1047 917 1177 949 Barthii
1203 917 1411 950 membranae
1435 917 1526 949 inter
1546 916 1664 948 lineas.

208 956 297 988 Vide
321 957 474 990 Gronov.
491 958 594 990 Obss.
618 967 671 990 ιν.
690 962 740 991 19.
761 963 797 991 et
823 960 979 992 Husclik.
1004 960 1049 992 ad
1075 961 1202 993 Tibull.
1217 969 1270 993 lv.
1284 964 1314 993 1.
1333 963 1497 992 'lm—338
1519 959 1664 1001 Ronflaa

207 1005 306 1031 vetus
331 1000 562 1040 Scholiastes3
590 1005 767 1034 tentaverat
792 1003 868 1035 αὲνιι
892 1003 925 1034 in
954 1003 1278 1044 quibusdam-340
1301 1003 1462 1035 Heinsius
1487 1002 1531 1034 ad
1559 1001 1664 1035 Ovid.

206 1043 296 1074 Met.
322 1052 389 1075 vn.
416 1046 488 1076 155.
514 1044 599 1085 legit
614 1044 744 1085 Iri-epit,
762 1047 815 1076 vel
843 1046 999 1088 Sur-repit.
1044 1047 1179 1079 Taurin.
1205 1050 1242 1078 et
1270 1047 1429 1078 Petrens.
1452 1045 1590 1086 habent,
1607 1045 1662 1077 In-

205 1086 304 1127 serpit
315 1098 328 1124 ;
350 1087 435 1119 alius
452 1087 650 1127 Burmanni,
666 1088 809 1130 Irrepsit.
853 1089 976 1122 Petav.
993 1089 1099 1123 etiam
1122 1090 1262 1130 Iri-epi&
1284 1089 1365 1122 Put.
1382 1088 1663 1130 &mpsim—34³

862 1186 1006 1219 NOTAE

252 1251 316 1281 336
340 1248 476 1281 Emer-iti
500 1249 628 1291 Phoebi]
660 1250 791 1282 Seneca
821 1250 909 1293 Aga-

208 1309 405 1331 memnone:
431 1302 440 1318 ‘
455 1300 533 1332 Stat
559 1310 642 1333 ecce
665 1301 766 1333 Titan
791 1301 911 1334 dubius

209 1350 353 1382 emerito
383 1350 462 1382 die.'
502 1351 511 1368 ‘
530 1351 717 1384 Emeritns'
752 1362 832 1384 vero
861 1353 911 1385 sol

207 1401 337 1441 dictus,
358 1401 450 1444 qnod
477 1412 611 1434 cursum
637 1413 733 1434 snum
756 1403 910 1435 absolve-

207 1456 272 1485 rat.
316 1452 374 1484 Sic
389 1453 523 1485 emeriti
539 1454 664 1486 milites
690 1453 911 1494 vocabantur,

210 1504 269 1545 qni
297 1509 451 1545 tempore
481 1505 614 1547 legibus
645 1505 814 1547 praefinito
841 1515 910 1538 me-

210 1559 361 1587 ruerant.
408 1554 498 1586 Nam
523 1561 643 1597 postea
667 1556 789 1588 militia
803 1557 911 1589 solve-

209 1604 348 1645 bantur,
393 1608 430 1637 et
469 1605 670 1648 quandoque
709 1607 771 1638 sub
807 1607 912 1648 signis

210 1655 471 1688 retinebantur:
509 1657 655 1688 Evocati
687 1658 788 1689 etiam
818 1657 911 1690 dicti.

209 1706 351 1747 Sur-gens
379 1707 529 1749 confinia]
566 1708 644 1740 Hoc
683 1708 732 1740 sic
760 1709 913 1750 explicat

212 1758 411 1790 Macrobius
428 1758 461 1789 in
477 1758 650 1790 Somnium
665 1758 834 1800 Scipionis
853 1759 914 1792 lib.

210 1818 235 1841 1.
258 1811 268 1827 ‘
285 1810 382 1842 Luna
397 1815 577 1851 postquam
595 1820 615 1842 a
630 1810 709 1842 Sole
733 1811 912 1843 discedens

212 1864 338 1891 novata
367 1865 434 1899 est,
463 1859 611 1891 secundo
636 1859 708 1892 fere
735 1860 792 1892 die
817 1862 912 1893 circa

211 1909 381 1942 Occasnm
398 1909 545 1950 videtur,
564 1915 600 1942 et
615 1911 709 1952 quasi
725 1911 838 1944 vicina
851 1912 912 1944 So-

210 1959 246 1999 li,
267 1969 366 2001 quem
397 1967 507 2000 nuper
536 1961 694 2003 reliquit:
729 1967 912 2004 postquam

210 2010 268 2042 ille
299 2009 472 2042 demersus
500 2016 565 2052 est,
587 2011 660 2053 ipsa
685 2012 763 2044 coeli
789 2014 911 2054 margi—

210 2070 288 2094 nem
326 2066 424 2094 tenet
460 2062 679 2095 antecedenti
717 2065 912 2106 superceci-

211 2112 309 2144 dens.
365 2112 486 2144 Tertio
523 2113 579 2145 die
617 2114 746 2146 tardius
775 2116 913 2156 occidit,

212 2172 312 2204 quam
328 2163 502 2195 secundo:
525 2167 562 2196 et
587 2164 638 2196 ita
663 2166 816 2207 qnotidie
838 2167 910 2198 lon-

213 2214 288 2254 gius
315 2213 357 2245 ab
374 2214 509 2245 Occasu
531 2215 684 2247 recedit:
707 2221 746 2248 ut
767 2218 913 2259 septimo

212 2263 281 2304 die,
311 2264 405 2296 circa
434 2264 521 2296 Solis
549 2275 719 2307 occasum,
743 2267 777 2298 in
801 2267 913 2299 medio

213 2315 301 2346 coelo
317 2314 390 2356 ipsa
407 2315 578 2347 videatur.
621 2316 709 2349 Post
725 2317 810 2350 alios
831 2328 909 2350 vero

212 2369 355 2407 septem,
371 2374 447 2396 cnm
462 2365 520 2396 ille
535 2367 670 2408 mergit,
691 2368 766 2400 liaee
781 2369 909 2401 oritur:

214 2416 301 2447 adeo
326 2414 438 2446 media
462 2420 560 2456 parte
581 2418 706 2449 mensis
733 2418 910 2451 dimidium

212 2466 346 2503 coelum,
368 2465 402 2497 id
419 2471 485 2506 est,
501 2476 602 2498 unum
623 2467 910 2510 hemisphaerium,

214 2515 257 2547 ab
280 2515 420 2548 Occasu
444 2512 479 2548 in
506 2517 686 2550 Orientem
716 2520 912 2554 recedendo

212 2566 364 2599 metitur.
409 2566 540 2599 Rursus
566 2573 644 2609 post
668 2573 798 2611 septem
830 2571 913 2603 alios

212 2615 304 2647 circa
334 2615 421 2647 Solis
448 2617 618 2650 Occasnm
647 2619 785 2652 latentis
810 2621 914 2653 hemi-

211 2665 349 2707 sphaerii
366 2666 527 2698 verticem
544 2673 652 2700 tenet.
693 2671 738 2702 Et
753 2670 851 2712 hujus
866 2671 914 2703 rei

212 2716 373 2748 indicium
391 2720 457 2756 est,
480 2717 572 2758 quod
594 2719 707 2751 medio
729 2722 839 2753 noctis
855 2731 913 2754 ex-

213 2766 332 2800 oritur.
358 2766 550 2808 Postremo,
563 2769 705 2802 totidem
720 2770 839 2805 diebus
855 2782 913 2805 ex-

965 1252 1080 1294 emtis,
1107 1253 1219 1286 Solem
1256 1252 1367 1286 denuo
1394 1250 1667 1294 comprehendit,

967 1308 1002 1336 et
1027 1304 1158 1336 vicinus
1184 1304 1321 1336 videtur
1353 1307 1448 1335 ortus
1475 1301 1664 1338 amborum,

967 1354 1127 1396 quamdiu
1139 1355 1208 1386 Soli
1220 1353 1408 1387 succedens
1425 1362 1541 1385 rursus
1552 1360 1666 1384 move·

966 1410 1034 1444 tur,
1044 1410 1082 1438 et
1093 1415 1208 1437 rursus
1221 1405 1398 1447 recedens,
1406 1404 1569 1446 paulatim
1579 1412 1666 1435 sem-

967 1465 1029 1497 per
1050 1457 1083 1488 in
1106 1456 1284 1488 Orientem
1307 1453 1543 1498 regrediendo,
1564 1452 1666 1486 relin-

965 1512 1046 1550 quat
1063 1506 1261 1540 Occasnm!
1660 1519 1663 1522 ⁴

1009 1560 1070 1590 ³37
1098 1558 1238 1601 Titanis]
1259 1558 1366 1591 Luna.
1410 1557 1463 1589 Ut
1490 1557 1540 1589 sol
1562 1556 1667 1589 Titan

966 1610 1175 1651 appellatur,
1202 1610 1248 1641 sic
1281 1613 1319 1641 et
1348 1609 1429 1640 luna
1460 1606 1599 1647 Titanis,
1626 1610 1667 1639 nt

966 1660 1117 1692 Phoebus
1133 1665 1168 1693 et
1184 1659 1326 1692 Phoebe.
1370 1658 1550 1700 Virgilius:
1575 1658 1586 1676 ‘
1600 1657 1667 1691 Ln-

967 1715 1171 1754 centemqne
1184 1711 1320 1752 globum
1333 1711 1452 1751 Lunae,
1462 1706 1668 1752 Titaniaque

966 1760 1082 1793 astra?
1124 1760 1256 1801 Silenti]
1279 1759 1336 1792 Ob
1351 1769 1502 1792 somnum
1518 1767 1586 1801 qno
1606 1757 1668 1791 ob-

968 1810 1142 1843 ruebatur.
1185 1810 1243 1843 Sic
1265 1809 1372 1856 infra:
1396 1810 1407 1828 ‘
1421 1809 1500 1843 Jam
1515 1808 1667 1852 pecudes

966 1863 1192 1904 volucresque
1208 1860 1334 1894 silent!

1008 1915 1073 1944 338
1096 1913 1290 1944 Tenum-erat
1318 1909 1408 1951 ω’ὀηι]
1444 1908 1667 1942 Lactantius:

967 1962 977 1980 ‘
992 1963 1073 1995 Diei
1085 1962 1145 1994 aiii·
1160 1962 1308 1994 crassior
1323 1965 1389 1997 est,
1406 1960 1519 1992 tenuis
1533 1960 1667 1992 noctis:

968 2018 1049 2054 apte
1062 2013 1167 2054 igitur
1175 2010 1419 2044 Tenuaverat.'
1441 2010 1490 2043 At
1505 2010 1595 2043 unde
1610 2011 1668 2043 illa

965 2063 1203 2106 Philosophia?
1214 2063 1262 2095 ait
1274 2062 1462 2095 Barclsius.
1485 2061 1590 2094 Certe
1601 2063 1670 2094 non

965 2125 984 2147 a
1000 2115 1160 2157 Papinio,
1182 2115 1239 2157 qui
1261 2114 1334 2146 vult
1358 2117 1492 2145 tantum
1515 2112 1667 2146 crassum

965 2171 1000 2199 et
1027 2167 1176 2208 gelidum
1207 2165 1319 2197 noctis
1358 2163 1473 2195 aerem
1505 2171 1670 2206 superve-

966 2218 1092 2251 nientis
1122 2218 1209 2248 lunae
1240 2214 1340 2247 radiis
1369 2214 1523 2253 nonnihil
1558 2213 1667 2248 fuisse

968 2268 1186 2309 dissipatum:
1212 2275 1275 2298 nec
1295 2275 1315 2298 a
1339 2265 1486 2306 ratione,
1508 2274 1584 2309 qnae
1607 2262 1668 2298 friss

963 2327 1046 2360 gore
1081 2315 1271 2357 constringi
1304 2319 1340 2347 et
1369 2314 1510 2357 opacari
1541 2315 1667 2354 serem.

965 2368 1072 2401 laxari
1088 2377 1128 2399 ac
1145 2366 1282 2398 dilatari
1297 2366 1425 2408 calore,
1441 2366 1556 2400 docet.
1602 2367 1666 2399 Ro-

964 2421 1063 2460 rifera
1083 2414 1171 2460 biga]
1192 2417 1312 2450 Poetoe
1333 2417 1448 2459 bigam
1472 2417 1668 2450 attribuunt

966 2472 1070 2510 lnnae,
1098 2468 1295 2512 quadrigam
1324 2469 1400 2507 soli,
1427 2468 1554 2500 ceteris
1583 2476 1667 2500 vero

967 2519 1116 2563 planetis
1133 2528 1253 2561 equum
1270 2518 1418 2550 unicum.
1453 2518 1601 2558 Rorifem
1617 2518 1668 2551 di.

967 2562 1070 2610 citur,
1093 2569 1173 2611 quia
1188 2577 1256 2599 nox
1269 2567 1406 2600 humida
1421 2571 1485 2600 est.
1665 2574 1669 2581 “

1010 2623 1075 2654 339
1100 2617 1234 2659 Tacent]
1255 2618 1386 2660 Sopita.
1399 2617 1544 2651 scilicet.
1580 2618 1667 2650 Ava—

967 2671 1028 2712 ris]
1051 2669 1094 2702 Id
1117 2674 1183 2708 est,
1210 2666 1402 2710 indefessis,
1426 2667 1506 2710 quIa
1535 2667 1666 2701 animun

969 2729 1090 2754 avarus
1104 2728 1170 2751 non
1186 2718 1287 2751 facile
1301 2717 1478 2760 fatigatur.
1663 2724 1669 2729 ’

1010 2774 1073 2804 340
1095 2770 1279 2811 Pronaque
1294 2767 1440 2811 per-aifre
1455 2768 1562 2811 nunt]
1585 2767 1665 2802 Fin-
