1820 3068
242 234 328 277 936
740 244 781 273 P.
814 228 1005 275 PAP11<¹11
1041 243 1206 276 STAru

243 340 395 392 Nilus,
415 344 458 382 et
478 339 586 382 Eoae
607 339 824 394 liquentia
843 341 1013 395 pabula
1033 343 1201 384 brumae

245 408 334 450 Ore
353 409 527 463 premit,
547 407 721 449 sumant
741 407 926 450 desertae
948 409 1116 463 gurgite
1132 410 1293 460 valles,

241 477 300 519 Et
320 476 457 531 patris
477 476 640 518 undosi
661 476 831 519 sonitus
851 480 1060 530 expectat
1078 477 1229 519 hiulca

242 544 481 599 AEgyptos,
501 544 640 586 donec
662 543 841 585 Phariis
863 543 1076 586 alimenta
1094 548 1274 599 rogatus

243 611 396 654 Donet
417 613 552 667 agris,
571 625 866 667 magnumque
880 612 1065 656 inducat
1081 614 1301 656 messibus
1321 625 1495 655 annum.
1620 615 1709 658 710

240 742 357 775 relinet
374 743 501 776 humida
515 743 665 776 alimenta
677 743 841 776 orientalis
854 744 983 786 hyemis,
997 745 1104 777 alveus
1113 745 1208 795 ‘aquis
1221 744 1518 785 destitutussumat,
1536 748 1569 776 et
1583 746 1709 788 AEgyp-

242 791 295 818 tus
317 788 417 819 calore
442 787 599 819 dehiscens
619 788 826 828 praeseolatur
850 797 990 819 murmur
1011 789 1120 829 aquosi
1143 788 1259 829 patris,
1280 789 1374 820 donec
1386 791 1534 820 exoratus
1549 788 1710 829 largiatur

241 829 355 869 pabula
379 832 496 872 campis
520 830 667 871 Phariis,
689 834 721 863 et
745 830 862 872 afferat
884 829 1034 863 messibus
1046 831 1254 863 abundantem
1268 841 1434 864 annonam.
1478 829 1624 864 siccatur
1637 842 1711 865 som

858 904 937 918 θ’θ’

243 956 352 987 -706
374 954 538 996 Optimus
554 954 783 986 Barthianus:
807 954 958 995 sepressit
982 954 1017 986 in
1043 955 1266 987 antris—⁷0⁷
1292 955 1358 987 Ore
1373 957 1458 987 tenet
1473 954 1560 996 legit
1575 955 1710 988 Grono-

243 997 316 1029 vius
331 998 478 1030 inObss.
497 1008 545 1030 ιν.
562 1002 593 1029 5.
617 1003 650 1029 et
667 998 929 1038 interpretatur,
952 1000 962 1016 ‘
975 997 1307 1039 comprimit.’—708
1332 998 1430 1030 Unus
1447 998 1571 1030 Behot.
1586 998 1708 1032 hiulcoe.

241 1043 351 1073 -709
372 1042 532 1083 AEgyptus
557 1041 650 1074 Dan.
677 1046 714 1073 et
737 1050 822 1073 unns
848 1041 971 1073 Behot.
1004 1041 1115 1073 ceteri
1145 1050 1264 1073 omnes
1285 1050 1363 1073 cum
1391 1040 1486 1074 libris
1511 1040 1706 1083 impressis:

911 1115 1055 1148 NOTAE

281 1183 346 1213 706
372 1180 481 1221 Nilus]
506 1181 644 1212 Fluvius
673 1180 815 1222 AEgypti
840 1180 949 1212 notis-

241 1232 357 1264 simus.
377 1233 423 1264 Et
435 1233 512 1263 Eoae
526 1231 678 1272 liquentia
690 1232 804 1273 pabula
815 1231 947 1272 brumoe]

1002 1180 1108 1220 bitus,
1136 1181 1283 1223 ideoque
1305 1185 1446 1223 rogatus,
1468 1186 1507 1213 nt
1529 1181 1597 1213 suis
1612 1181 1708 1224 aquis

1001 1240 1101 1273 agros
1117 1242 1233 1263 eorum
1256 1231 1442 1264 foecundet.
1486 1232 1710 1263 Θεοπλιιστοῧ·

242 1282 519 1325 Imbres,quibus
531 1292 593 1324 per
603 1283 760 1323 hyemem
771 1282 875 1314 alitur
887 1282 947 1314 Ni-

240 1336 306 1367 lus.
350 1333 444 1374 Eoae]
467 1333 558 1366 Quia
573 1332 662 1374 apud
677 1331 875 1364 Orientales
888 1342 946 1373 po·

242 1387 339 1427 pulos
363 1384 490 1416 imbres
514 1382 666 1415 continui
691 1379 823 1415 tenent‘
833 1383 946 1415 locum

240 1437 385 1479 hyemis.

283 1490 348 1519 707
370 1487 516 1520 Desereoe
537 1483 649 1525 valles]
671 1484 713 1515 Id
737 1487 803 1524 est,
829 1484 947 1515 alveus

241 1538 315 1571 Nili
331 1538 427 1579 aquis
443 1536 640 1568 destitutus.
667 1535 713 1567 Et
726 1534 879 1566 imitatus
892 1538 948 1567 est

240 1587 354 1621 Poeta
370 1587 535 1619 Ovidium
554 1587 642 1618 Met.
658 1595 684 1617 1.
714 1586 724 1603 ‘
738 1585 797 1617 Sic
813 1585 871 1617 ubi
888 1585 945 1617 de-

240 1639 352 1672 seruit
388 1637 545 1671 madidos
582 1634 808 1678 septemfluus
846 1645 946 1678 agros

239 1691 356 1730 Nilus,
371 1693 408 1722 et
435 1688 576 1730 antiquo
599 1696 660 1720 sna
675 1685 815 1719 flumina
830 1686 943 1718 reddi-

240 1742 293 1774 dit
307 1743 420 1781 alveo,
433 1740 662 1781 AEthereoque
677 1747 799 1771 recens
811 1738 945 1770 exarsit

240 1792 354 1825 sidere
369 1790 489 1824 limus.’

194 1839 197 1842 ’
283 1846 347 1876 708
361 1841 601 1885 ΡιζιγὲεἹΒεηε
613 1839 729 1882 patris,
742 1838 823 1882 quia
838 1849 944 1872 exun-

240 1895 326 1928 dans
351 1887 450 1927 Nilus
473 1902 573 1936 agros
587 1891 730 1933 AEgypti
746 1889 945 1923 foecundat:

239 1948 323 1980 hine
337 1948 346 1966 ‘
361 1946 466 1979 altor'
490 1946 620 1978 dicitur
635 1943 789 1986 AEgypti,
803 1948 841 1975 et
861 1945 871 1963 ‘
887 1954 945 1986 pa·

241 1999 322 2041 ter,'
337 2003 376 2031 ut
389 1997 581 2030 videbimus
597 2005 675 2028 mox
687 2005 730 2028 ex
743 1995 946 2028 Heliodoro.

283 2052 349 2083 709
371 2047 544 2091 AEgyptos]
566 2047 677 2088 Regio
693 2045 799 2078 totius
815 2044 946 2077 Africae

240 2100 453 2134 nobilissima
474 2108 516 2131 ae
539 2096 766 2136 fertilissima,
781 2095 948 2128 introrsus

242 2151 285 2184 ad
301 2150 486 2183 Meridiem
512 2147 693 2187 recedens,
707 2146 820 2178 donec
841 2156 862 2178 a
877 2150 948 2178 ter-

241 2212 285 2244 go
297 2200 560 2244 praetendantur
575 2197 763 2239 AEthiopes.
797 2196 947 2229 Veteres

242 2250 444 2294 Geographi
465 2250 559 2282 illam
581 2248 677 2280 Asiae
702 2247 948 2287 attribuerunt,

239 2304 348 2336 hacce
364 2306 465 2344 parte
475 2299 566 2332 Asiae
576 2299 662 2331 fines
673 2298 946 2332 constituentes:

240 2353 302 2387 sed
315 2352 407 2386 Mari
418 2351 538 2384 Rubro
552 2349 659 2381 limite
671 2347 803 2381 Afrioae
819 2349 948 2381 consti-

240 2408 332 2444 tuto,
342 2402 515 2445 AEgyptus
541 2400 626 2432 feeit
650 2403 786 2442 partem
802 2398 948 2432 Africae.

242 2455 364 2489 Habet
387 2453 430 2486 ad
453 2457 568 2485 ortum
592 2451 694 2483 Mare
717 2450 890 2492 Rubrum,
913 2457 950 2484 et

242 2505 410 2539 Arabiam
436 2505 626 2543 Petraeam,
643 2512 664 2534 a
690 2502 950 2543 Septemtrione

242 2560 334 2592 Mari
348 2556 610 2590 Mediterranea
633 2553 794 2586 alluitur:
819 2553 863 2586 ab
881 2553 950 2586 Oc-

243 2609 383 2642 cidente
399 2605 609 2639 Marmarica
623 2607 661 2636 et
676 2603 815 2645 Libycis
829 2604 950 2636 monti·

244 2662 307 2693 bus
321 2658 537 2692 terminatur.
581 2653 730 2696 Phariis]
754 2654 798 2686 Id
813 2659 881 2696 est,
893 2656 951 2688 AE·

242 2711 383 2754 gyptiis,
406 2719 426 2741 a
447 2708 562 2740 Pharo
592 2706 671 2739 olim
701 2705 812 2738 insula
841 2716 950 2748 prope

244 2760 502 2799 Alexandriam,
516 2767 606 2790 nunc
623 2761 724 2790 terrae
735 2756 870 2797 juncta.
887 2757 950 2790 Ro-

241 2812 353 2854 gatus]
374 2809 546 2853 AEgyptiis
560 2808 652 2840 enim
665 2808 765 2841 Nilus
778 2809 876 2840 Deus
891 2808 950 2840 ha-

1001 1292 1034 1313 σι
1046 1282 1108 1324 ’γὰρ
1122 1281 1178 1314 τὸν
1191 1283 1307 1314 Νεῖλον
1317 1282 1348 1314 οἷ
1357 1281 1532 1324 Αἰγύπτιοι,
1543 1282 1595 1314 καὶ
1605 1294 1708 1324 κρειτ-

1000 1331 1097 1365 τόνων
1124 1332 1181 1365 τὸν
1215 1332 1368 1373 μέγιστον
1396 1331 1517 1374 ᾅδουσι,
1547 1331 1709 1373 ἆντίμιμον

1001 1383 1130 1426 οὐρανοῦ
1163 1383 1219 1416 τὸν
1256 1382 1398 1423 ποταμὸν
1431 1384 1708 1425 σεμνηγοροῢπες.

1004 1439 1110 1471 Deum
1125 1449 1190 1470 esse
1195 1438 1327 1481 fingunt
1343 1437 1492 1478 AEgyptii
1503 1436 1615 1468 Nilum
1625 1439 1658 1467 et
1667 1445 1710 1467 ex

1000 1489 1179 1523 numinibus
1214 1489 1387 1520 nuaxinmm
1409 1488 1537 1528 ducum,
1563 1488 1710 1518 amulam

1001 1550 1068 1572 esse
1091 1540 1160 1571 coeli
1171 1539 1310 1581 fluvium
1320 1538 1541 1579 prendit-antee.
1587 1537 1709 1570 Helio-

1001 1591 1106 1623 dorus
1131 1591 1192 1624 lib.
1215 1599 1269 1622 rx.
1321 1588 1459 1621 Deinde
1485 1587 1601 1620 addit:
1627 1597 1710 1619 euu-

1001 1642 1080 1675 dem
1102 1641 1222 1675 Nilum
1248 1639 1405 1681 AEgyptii
1422 1637 1523 1681 ’Ὦρόν
1535 1650 1571 1670 τε
1584 1637 1636 1670 καὶ
1652 1637 1711 1671 τὸν

1001 1693 1148 1735 ζείδωρον
1182 1691 1426 1731 &tummim-es,
1471 1688 1631 1730 Αἰγύπτου
1670 1702 1709 1723 τε

1001 1746 1089 1784 ὅλης,
1104 1746 1163 1783 τῆς
1175 1742 1233 1784 μὲν
1253 1742 1316 1775 ἅνω
1336 1742 1474 1783 σωτῆρα,
1496 1742 1556 1780 τῆς
1568 1739 1654 1773 κάτω
1666 1740 1703 1774 δὲ

1002 1795 1054 1829 καὶ
1082 1798 1202 1837 πατέρα
1229 1793 1282 1826 καὶ
1310 1791 1508 1834 δημιουργόν.
1567 1792 1709 1833 Horum,

1001 1859 1057 1881 seu
1070 1848 1179 1889 solem,
1194 1850 1224 1880 et
1233 1846 1292 1886 fer·
1294 1845 1423 1878 tilitatis
1437 1847 1596 1877 auctorem
1605 1845 1710 1902 ,τερμι-

1003 1900 1115 1935 lantes,
1131 1902 1162 1930 et
1180 1896 1317 1939 AEgyptz'
1338 1895 1447 1936 totius,
1459 1894 1708 1936 superior-usqui-

1000 1951 1070 1983 dem
1084 1951 1288 1986 servatorem,
1311 1944 1473 1985 insertoris
1491 1954 1564 1976 vero
1585 1947 1709 1985 patrem

1000 2004 1033 2033 et
1052 1999 1205 2042 opficem-
1249 1995 1352 2030 Unde
1376 1999 1413 2028 et
1437 1994 1530 2027 festa
1552 1995 1587 2026 in
1602 1995 1708 2026 hono·-

1001 2060 1074 2083 rem
1104 2049 1178 2090 ejus
1214 2046 1391 2080 celebrata
1418 2046 1544 2078 Νειλῶα
1575 2049 1709 2078 vocata.

1003 2099 1096 2134 Quin
1120 2099 1226 2131 etiam
1251 2096 1354 2129 Nilus
1378 2095 1511 2136 Jupiter
1539 2095 1713 2136 AEgypiius

1003 2150 1129 2183 dictus.
1172 2149 1345 2180 Parmeno
1377 2144 1567 2187 Byzantius
1598 2143 1710 2177 Poeta

1002 2200 1095 2242 apud
1116 2198 1324 2230 Athenaeum
1346 2195 1499 2236 Αἰγύπτιε
1520 2195 1578 2227 Ζεῦ
1598 2195 1709 2239 Νεῖλε,

1002 2249 1156 2292 AEgyptie
1176 2247 1308 2289 Jupiter
1328 2246 1418 2278 Nile.
1462 2246 1510 2278 Et
1527 2245 1648 2277 bene‘
1663 2255 1709 2278 ae-

1003 2301 1115 2333 mulus
1138 2297 1243 2338 coeli,'
1263 2297 1344 2340 quia
1359 2295 1494 2328 seilicet
1508 2295 1615 2328 certis
1628 2296 1708 2328 anni

1003 2351 1229 2394 temporibus,
1242 2347 1430 2392 superfusis
1445 2347 1540 2390 ripis,
1550 2347 1708 2381 imbrium

1003 2403 1198 2437 coelestium
1213 2410 1308 2434 more
1324 2408 1482 2441 magnum
1502 2399 1595 2440 agris
1610 2397 1710 2432 uber·

1005 2459 1113 2488 tatem
1129 2458 1166 2486 et
1189 2451 1407 2485 fertilitatem
1422 2448 1566 2481 inducit.
1607 2448 1708 2480 Unde

1005 2510 1042 2538 et
1057 2504 1142 2537 illud
1153 2501 1374 2546 proverbium
1387 2499 1569 2541 mysticum
1581 2497 1710 2530 AEtbio·

1005 2556 1106 2598 pibus
1131 2555 1316 2587 usitatum:
1339 2550 1462 2583 ‘Nilus
1477 2548 1627 2582 coelestis
1640 2554 1708 2589 est,

1005 2607 1063 2649 qui
1092 2606 1269 2638 derivatus
1303 2606 1409 2644 super
1447 2605 1573 2632 terram
1602 2602 1707 2639 tunm,

1004 2658 1157 2700 replebit
1197 2665 1287 2695 eam,
1327 2656 1365 2685 et
1397 2649 1548 2692 pasceris
1578 2649 1708 2683 divitiis

1005 2710 1093 2751 ejus,
1116 2713 1153 2742 et
1173 2704 1381 2740 desiderium
1395 2705 1494 2734 tuum
1508 2700 1710 2744 adimplebi-

1004 2759 1111 2842 tu210
1126 2806 1268 2849 Annum]
1285 2805 1327 2839 Id
1337 2808 1403 2845 est,
1414 2791 1707 2846 annonammber-
