1820 3068
257 231 342 275 938
750 247 792 277 1³.
825 247 1017 280 PAPan
1051 249 1217 283 su'rn

258 339 376 382 Haec
397 352 576 395 quoque
597 344 784 393 secreta,
805 346 940 387 nutrit
959 345 1144 400 Langia,
1164 348 1247 390 sub
1270 349 1442 391 umbra.

258 406 472 449 Nondum
492 408 559 450 illi
576 412 731 463 raptus
752 410 935 453 dederat
953 412 1236 469 lacrymabile
1256 429 1414 458 nomen

255 473 569 526 Archemorus,
589 488 671 517 nec
690 477 812 520 sama
836 478 972 531 Deae;
1002 486 1151 523 tamen
1171 483 1275 525 avia
1295 488 1446 527 servat

257 541 318 583 Et
337 555 506 593 nemuS,
526 546 568 585 et
586 543 796 588 fluvium:
826 553 978 590 manet
996 548 1154 603 ingens
1175 550 1316 603 gloria
1333 552 1590 608 nympham,
1631 553 1723 596 72⁰

255 609 368 651 Cum
388 610 557 653 tristem
579 611 871 668 Hypsipylen
891 614 1084 659 ducibus
1105 618 1293 660 sudatus
1314 618 1497 663 Achaeis

255 677 423 727 Ludus,
444 684 487 720 et
506 683 605 721 atra
621 692 798 722 sacrum
816 683 969 725 recolit
988 685 1175 727 trieteris
1197 685 1435 740 Ophelten.

256 744 390 799 Ergo,
410 759 492 788 nec
514 746 721 788 ardentes
741 749 925 804 clypeos
945 755 1136 803 vectare,
1155 766 1238 795 nec
1259 758 1410 796 arctos

255 812 507 856 Thoracum
527 826 671 856 nexus
693 813 889 870 (tantum
905 818 1006 861 sitis
1026 819 1206 863 horrida
1226 826 1418 877 torquet)

255 946 344 975 creta
370 944 468 985 sylva.
514 946 664 978 Nondum
688 946 847 978 extinctus
866 946 1076 981 Archemorus
1099 949 1149 980 illi
1171 950 1301 990 lugubre
1325 961 1433 984 nomen
1454 953 1645 994 proebuerat‚
1667 963 1725 985 nee

255 989 326 1017 emt
339 986 473 1019 illustris
490 989 560 1020 Dea
571 1000 584 1028 ;
606 993 722 1021 semota
736 993 840 1021 lamen
852 992 991 1031 possidet
1004 993 1127 1033 sylvam
1141 996 1172 1024 et
1188 993 1312 1034 flumen
1323 1005 1334 1026 .·
1355 1006 1503 1036 magnum
1516 997 1608 1028 decus
1622 997 1723 1038 Nym-

250 1028 349 1069 pluam
363 1034 518 1071 expectat,
543 1042 614 1063 cum
633 1033 787 1064 ludicrum
801 1034 996 1068 exantlatum
1009 1045 1029 1065 a
1049 1034 1242 1076 principibus
1256 1036 1390 1070 Achiva}
1402 1042 1532 1071 renovat
1545 1039 1724 1071 neumam

256 1075 374 1103 moesloe
390 1073 597 1116 Hypsipyles,
611 1079 642 1106 et
656 1076 776 1116 pullam
790 1070 930 1108 trieteris
943 1077 1050 1109 recolit
1066 1078 1172 1110 Deum
1189 1080 1358 1120 Ophelten.
1401 1081 1492 1122 Ergo
1513 1091 1576 1114 non
1594 1085 1726 1123 posunt
1776 1095 1779 1098 ·

255 1115 390 1156 amplius
402 1120 530 1157 portare
544 1121 631 1150 scuta
637 1118 832 1160 flagrantia,
855 1129 912 1151 nec
924 1120 1040 1152 stricta
1053 1121 1221 1153 loricarum
1235 1122 1373 1165 vincula,
1389 1127 1514 1156 tantum
1526 1125 1640 1165 iugem
1653 1124 1727 1156 nilis

871 1209 1110 1223 eeeeeeeeeeee

257 1268 398 1309 vulgata
414 1270 611 1310 scriptura!
632 1271 864 1303 Barth—720
887 1271 1046 1312 Uterque
1071 1272 1197 1305 Behot.
1218 1279 1251 1307 et
1266 1275 1365 1316 fluvii
1385 1279 1611 1309 nmen—⁷21
1637 1277 1726 1309 Dum
1771 1252 1778 1259 -»
1816 1299 1820 1314 Α

256 1312 384 1343 tristem
407 1312 462 1344 ed.
477 1314 600 1346 Barth.
617 1314 652 1346 in
678 1314 845 1355 margine.
892 1313 1107 1356 Hypsiphilen
1124 1317 1248 1350 Behot.
1265 1322 1295 1350 l.
1330 1319 1487 1361 ysiphilen
1512 1320 1728 1353 Benena—

257 1357 324 1386 722
347 1355 512 1387 Barthius
527 1366 571 1388 ex
588 1357 698 1389 veteri
714 1357 835 1389 codice
849 1357 945 1397 legit,
969 1358 1207 1392 κροκι-723
1230 1362 1338 1402 Lang.
1354 1363 1458 1396 Laut.
1471 1362 1624 1403 Lipsian.
1638 1362 1728 1394 Bus-

257 1396 369 1430 lid.et
386 1398 533 1431 Venett.
557 1401 678 1441 clypeos
705 1403 855 1441 portare,·
877 1401 972 1432 Dan.
1001 1400 1082 1433 Put.
1105 1402 1229 1437 Petav.
1259 1413 1377 1436 omnes
1407 1405 1599 1445 Barthiani,
1622 1404 1726 1438 Aidd.

263 1440 375 1473 colin.
397 1441 533 1484 Gryph.
560 1443 667 1476 Basir.
694 1444 815 1475 Plant.
832 1446 898 1476 διο.
931 1443 1052 1485 clypeos
1077 1449 1212 1478 vectare.
1238 1447 1361 1480 Behot.
1386 1450 1420 1480 l.
1446 1457 1502 1480 nec
1515 1450 1725 1481 πίσω-724

921 1529 1064 1563 No'rAE

258 1597 376 1624 tamen
392 1592 529 1625 videtur
544 1593 644 1626 infra.
677 1594 735 1627 Sic
749 1595 759 1611 ‘
773 1594 878 1627 Evius
892 1594 967 1636 ipse

258 1643 427 1684 parabat.'
472 1645 520 1676 Et
532 1644 633 1677 bene.
670 1646 707 1678 Si
718 1646 808 1677 enim
821 1645 967 1678 defecis-

258 1698 313 1726 set
339 1694 395 1726 bic
417 1693 505 1736 fons,
530 1695 652 1737 Argivi
683 1697 742 1728 siti
773 1697 967 1738 periissent,

257 1754 323 1776 nec
339 1744 462 1778 fuisset
479 1746 616 1788 beilum,
638 1747 730 1789 quod
747 1746 828 1779 fatis
845 1746 965 1779 decre-

190 1834 192 1837 ·
258 1799 332 1827 tum
349 1800 437 1827 erat.

299 1848 364 1878 717
388 1846 531 1888 Langia]
554 1848 642 1879 Fons
659 1847 691 1879 in
706 1848 841 1880 Nemea
856 1847 964 1889 sylva,

257 1896 371 1929 dictus
401 1902 524 1938 postea
551 1899 562 1916 ‘
575 1898 824 1931 Archemorus’
851 1909 870 1930 a
886 1908 966 1930 casu

257 1946 461 1979 Archemori
504 1947 566 1980 filii
612 1949 780 1990 Lycurgi,
823 1949 967 1990 hujusce

259 2002 393 2029 tractus
417 1999 541 2039 reguli,
564 2009 605 2032 ac
627 2000 725 2033 Jovis
749 2000 966 2039 sacerdotis3

257 2059 373 2091 quem,
399 2049 660 2091 Archemorum,
689 2052 724 2083 in
743 2052 898 2093 gramine
914 2061 967 2083 re-

257 2100 378 2132 lictum
394 2100 438 2132 ab
455 2100 648 2143 Hypsipyle
661 2103 812 2142 nutrice,
827 2112 969 2143 serpens

258 2150 399 2191 occidit,
415 2151 495 2183 dum
511 2152 570 2184 ina
593 2153 651 2184 siti
673 2151 853 2184 confectos
870 2152 969 2194 Argi·

258 2211 332 2241 vos,
344 2202 388 2233 ad
406 2202 664 2243 expeditionem
673 2203 870 2235 Thebanam
885 2213 968 2235 eun-

258 2255 326 2289 tes,
340 2251 383 2282 ad
400 2252 491 2283 hunc
507 2251 640 2284 fontem
658 2253 768 2286 ducit.

300 2304 365 2333 718
389 2302 539 2334 Nondum
567 2304 618 2335 illi
646 2307 771 2345 raptus,
798 2303 869 2345 lfa]
891 2304 971 2336 Hoc

265 2351 366 2393 dicit,
389 2353 469 2394 qnia
484 2353 528 2384 ob
545 2363 661 2385 casum
680 2354 883 2386 Archemori
896 2354 972 2386 fons

267 2404 333 2434 iste
350 2411 470 2444 postea
484 2405 494 2421 ‘
514 2402 763 2436 Archemorus'
780 2404 972 2436 nominatus

267 2452 346 2484 fuit.
391 2453 532 2494 Raptus]
543 2454 553 2470 ‘
567 2454 655 2495 Rapi
667 2453 676 2466 '
696 2454 889 2486 dicuntura
905 2455 974 2486 Po·

266 2503 346 2543 etis,
361 2504 419 2544 qui
436 2503 588 2535 violenta
602 2509 726 2546 morte,
736 2510 772 2537 et
786 2510 867 2537 ante
882 2505 973 2537 diem

265 2558 326 2586 aut
340 2554 494 2585 ordinem
510 2553 684 2586 occidunt.
743 2555 974 2598 Lacrymabile]

271 2603 363 2637 Quia
378 2613 501 2635 nomen
521 2604 586 2636 hoc
612 2609 621 2623 ⁸
635 2604 880 2638 Archemorus'
908 2607 974 2647 sig-

271 2653 390 2685 nificat
403 2654 567 2685 malorum
585 2655 802 2697 principium.

314 2706 380 2735 719
402 2704 497 2746 Deoe]
533 2705 663 2737 Fontes
685 2706 776 2738 enim
801 2706 976 2739 habebant

271 2761 336 2784 flua
351 2753 502 2790 numina,
517 2759 556 2786 ut
572 2760 609 2786 et
622 2753 737 2788 fluvii:
764 2756 977 2790 vocabantur

274 2802 446 2845 Nympliae
459 2806 496 2835 et
512 2803 675 2838 Naiades.

1065 1598 1127 1628 721
1166 1596 1380 1640 Hypsipylen]
1425 1597 1622 1640 Hypsipyle
1656 1596 1727 1630 filia

1021 1645 1186 1678 Thoantis
1201 1647 1291 1688 regis
1306 1647 1439 1688 Lemni,
1464 1647 1562 1689 cnjus
1581 1647 1728 1679 historia

1022 1705 1066 1727 ex
1093 1697 1199 1729 Theb.
1223 1706 1258 1729 v.
1287 1698 1437 1739 petenda
1466 1703 1532 1730 est.
1576 1698 1727 1730 Matrem

1021 1746 1143 1778 habuit
1158 1747 1345 1788 Myrinam,
1371 1757 1392 1779 a
1407 1757 1474 1790 qna
1491 1747 1630 1788 Myrina
1644 1748 1727 1779 urbs

1022 1795 1145 1827 Lemni
1160 1805 1284 1828 nomen
1301 1796 1451 1838 aceepit.
1464 1796 1628 1839 διώκει]
1637 1796 1729 1830 Quia

1022 1846 1056 1877 in
1072 1846 1125 1879 his
1141 1846 1230 1878 ludis
1253 1856 1376 1887 magno
1401 1846 1527 1878 sudore
1550 1853 1586 1878 et
1606 1845 1728 1879 labore

1022 1896 1252 1929 decertabant
1273 1896 1426 1930 athletae.
1462 1896 1607 1938 Achai-2]
1629 1896 1728 1929 Grae—

1024 1956 1088 1979 cis.

1063 1999 1128 2029 722
1150 1997 1277 2038 Ludus]
1297 1996 1440 2038 Snpple,
1458 1996 1619 2029 Nemaeus
1637 2007 1646 2029 :
1672 1997 1728 2029 vel

1023 2047 1137 2089 potius
1156 2047 1228 2079 ludi
1245 2047 1394 2080 Nemaei.
1452 2045 1554 2087 Atra]
1577 2047 1670 2080 Quia
1685 2047 1728 2079 ad

1023 2098 1221 2140 sepulcrum
1247 2097 1463 2136 Archemori,
1487 2102 1524 2129 et
1547 2097 1579 2128 in
1604 2097 1731 2129 memo}

1023 2149 1109 2180 riam
1121 2149 1243 2181 mortis
1258 2149 1350 2189 ejus,
1364 2148 1399 2179 hi
1411 2147 1480 2179 indi
1489 2147 1620 2185 fiebant
1635 2158 1645 2179 :
1662 2148 1729 2184 vei,

1024 2200 1107 2241 quia
1120 2200 1240 2231 horum
1269 2198 1425 2234 ludorum
1450 2198 1616 2239 praesides
1640 2200 1729 2231 atris

1024 2259 1084 2282 seu
1100 2250 1206 2289 nigris
1220 2248 1374 2280 vestibus
1391 2247 1518 2281 induti.
1563 2249 1733 2290 frideric]

1024 2300 1189 2333 Trieteris
1219 2303 1274 2331 est
1300 2299 1452 2338 spatium
1485 2298 1590 2332 trium
1624 2308 1731 2331 anno-

1027 2360 1101 2382 rum
1115 2361 1125 2390 ς
1141 2349 1222 2390 quia
1237 2348 1309 2380 indi
1323 2349 1357 2381 N
1360 2348 1459 2381 emaei
1473 2349 1578 2381 terrio
1594 2359 1731 2392 quoqne

1027 2409 1118 2432 anno
1148 2398 1290 2431 fiebant.
1337 2398 1508 2439 Ophelten]
1546 2398 1730 2441 Ophelten,

1027 2450 1118 2482 idem
1130 2449 1190 2492 qui
1202 2448 1444 2480 Archemorus.
1486 2448 1593 2481 Ratio
1605 2450 1732 2482 mutati

1026 2500 1172 2531 nominis
1186 2497 1279 2530 infra
1292 2498 1476 2530 videbitur.
1519 2498 1680 2531 Ceterum
1694 2499 1730 2531 hi

1026 2549 1094 2581 duo
1139 2558 1256 2580 versus
1295 2547 1534 2589 praecedentes
1576 2549 1731 2589 suspecti

1028 2604 1107 2631 sunt
1121 2599 1274 2640 Guyeto.

1072 2653 1136 2682 723
1165 2649 1296 2681 Vectare
1331 2645 1499 2689 [Portare]
1536 2655 1593 2677 nec
1627 2651 1730 2680 arctos

1033 2702 1064 2734 Τ
1061 2702 1206 2733 haraeum
1217 2698 1332 2738 nexas]
1345 2698 1434 2730 Quia
1443 2696 1529 2728 arcti
1542 2702 1580 2729 et
1591 2700 1730 2740 angusti

1031 2751 1270 2784 efficiebantur
1295 2747 1340 2780 ob
1365 2746 1574 2779 crebriorem
1602 2749 1731 2783 anheli.

1033 2807 1117 2844 tum,
1127 2807 1196 2844 quo
1211 2803 1334 2842 pectus
1351 2796 1622 2831 concutiebatur.
