1820 3068
202 168 292 213 626

205 276 534 332 Fraternasque
554 276 677 319 acies
695 276 817 319 foetae
837 276 1010 319 telluris
1029 277 1154 320 hiatu

205 345 455 399 Augurium
475 359 597 387 seros
617 345 785 387 dimisit
805 345 1010 401 adusque
1030 351 1220 401 nepotes
1233 347 1253 388 ¹?

206 412 377 465 Cernis,
398 418 447 456 ut
466 417 661 455 erectum
679 417 805 456 torva
826 414 910 455 sub
923 413 1066 456 fronte
1083 415 1273 456 minetur

706 180 747 212 P.
780 179 972 210 PAPINH
1006 178 1176 211 STA'rn

1586 344 1674 389 185

206 481 382 524 Saevior
402 494 638 535 assurgens
659 481 808 524 demto
830 486 1031 524 consorte
1049 483 1284 537 potestas?

206 549 337 601 Quas
357 550 467 603 gerit
487 563 563 591 ore
577 550 722 592 minas
733 551 753 592 Ἰ
784 555 953 606 quanto
969 552 1130 606 premit
1148 551 1296 593 omnia
1314 549 1433 592 fastu
1446 552 1468 593 ’ἱ

206 618 357 660 Hicne
378 631 576 672 unquam
596 618 799 673 privatus
818 619 931 661 erit‘l
962 623 1111 661 tamen
1130 620 1206 661 ille
1226 619 1423 674 precanti

205 686 352 737 Mitis,
372 691 418 728 et
438 686 578 729 affatu
598 688 741 728 bonus
760 690 807 729 et
825 687 1064 742 patientior
1084 687 1215 741 aequi.

203 753 327 806 Quid
347 754 538 796 mirum'l
569 767 656 796 non
678 756 801 797 solus
821 758 930 797 erat.

982 754 1084 797 Nos
1104 755 1209 797 vilis
1227 755 1275 796 in
1294 767 1443 797 omnes
1583 686 1670 729 190

203 823 391 865 Promta
412 835 567 864 manus
587 836 718 865 casus
738 823 916 865 domino
935 824 1202 877 cuicumque
1222 822 1384 877 parati.

207 890 409 943 Qualiter
428 891 528 933 hinc
545 891 723 946 gelidus
745 892 934 944 Boreas,
953 892 1057 934 hinc
1079 891 1248 933 nubifer
1268 891 1414 933 Eurus

206 1024 294 1047 omen
312 1014 454 1054 fraterni
475 1013 560 1052 beat,
593 1026 664 1048 cum
686 1017 804 1049 armati
827 1016 952 1057 frastes
976 1019 1041 1051 orei
1061 1019 1151 1051 hiatu
1176 1019 1321 1059 gravide
1348 1021 1443 1050 lerrae
1469 1016 1532 1049 sibi
1559 1016 1670 1049 belim

202 1057 392 1090 intulerunt.
436 1058 574 1098 Aspicis,
595 1063 633 1092 ut
643 1060 799 1092 crudelior
808 1061 964 1102 princeps,
984 1065 1086 1094 moto
1096 1062 1190 1102 socio,
1210 1063 1312 1095 elatu

202 1100 426 1140 trucisronte?
451 1111 541 1142 quem
559 1101 630 1141 fert
644 1106 794 1135 tenorem
810 1105 845 1135 in
858 1105 967 1137 vultu?

201 1154 339 1185 unquam
353 1145 413 1176 erit
424 1145 586 1186 privatus?
603 1146 661 1178 Ille
677 1150 779 1179 tamen
794 1150 841 1179 eet
853 1148 932 1179 lenis
947 1149 1147 1190 supplicibus,
1159 1152 1191 1180 et
1153 1115 1356 1199 meffabilia,
1368 1158 1407 1180 ac

741 1191 820 1231 Nos,
834 1190 956 1230 abjectu
971 1190 1076 1230 turba,
1096 1192 1230 1233 expositi
1244 1192 1287 1223 aa
1300 1201 1419 1223 omnem
1457 1193 1602 1222 ommam
1615 1198 1668 1220 su-

817 1234 861 1266 Ut
874 1243 944 1265 cum
957 1234 1030 1266 him:
1043 1235 1190 1275 frigidus
1203 1234 1331 1277 Aquilo,
1343 1234 1418 1266 hinc
1430 1232 1588 1266 nimbum
1603 1233 1670 1264 Eu-

206 1187 294 1224 Quid
310 1188 439 1220 mirum.
433 1191 447 1213 ⁹
467 1189 548 1220 solus
561 1198 623 1221 non
635 1192 694 1221 est.

203 1240 284 1269 mus,
306 1234 337 1262 et
351 1231 479 1263 obnoxii
492 1231 674 1275 cuicumque
684 1232 768 1265 hero.

1323 1061 1451 1103 superbe
1464 1060 1601 1092 minem
1611 1059 1670 1092 sub

988 1109 1105 1147 quanta
1117 1115 1209 1146 super
1210 1105 1261 1137 bia
1275 1115 1380 1137 omes
1391 1104 1538 1145 deprimit
1547 1103 1671 1178 w

832 1329 1071 1343 mm

205 1402 272 1427 nec
297 1393 426 1438 liquido
452 1395 523 1428 scio
538 1395 621 1439 quid
635 1394 672 1428 τὸ
696 1395 795 1428 sociis*
815 1395 871 1428 bic
887 1395 996 1429 velit.'
1011 1397 1221 1430 Remu—185
1245 1397 1350 1430 Bern.
1372 1400 1411 1429 et
1432 1395 1548 1428 Barth.
1563 1394 1671 1428 iuter-

871 1492 1014 1527 No'rAE

254 1559 319 1590 184
350 1557 525 1591 Fraternas
552 1558 650 1600 acies]
686 1558 776 1592 Quia
796 1558 832 1591 hi
860 1568 913 1590 ar·

210 1607 308 1649 mati,
323 1609 388 1641 etsi
397 1607 535 1650 fratres,
547 1610 580 1641 in
590 1619 628 1642 se
640 1609 787 1642 invicem
804 1609 914 1642 aciem

208 1664 421 1701 struxerunt,
434 1670 475 1692 ac
485 1671 522 1693 se
536 1665 768 1703 peremerunt.
814 1661 914 1694 Foetae

208 1710 346 1752 telluris]
367 1710 540 1743 Dentibus
563 1712 700 1744 scilicet
730 1712 913 1753 Draconis,

210 1761 306 1804 quasi
338 1763 478 1795 semine.
529 1762 651 1805 Hieta]
686 1763 793 1795 Terra
823 1763 914 1795 enim

213 1821 336 1854 magno
352 1812 464 1854 patuit
478 1813 586 1854 hiatu,
609 1823 687 1846 cum
712 1817 765 1845 tot
793 1813 916 1846 armati

210 1862 363 1895 homines
379 1872 422 1895 ex
433 1873 474 1896 ea
490 1864 709 1906 prodierunt.

254 1916 316 1946 185
334 1913 427 1946 Servs
439 1914 580 1957 nepotes]
603 1915 781 1947 Eteoclem
797 1919 832 1948 et
846 1915 915 1947 Po-

209 1964 369 2007 lynicem.
412 1965 560 1997 Videtur
583 1965 716 1998 Noster
736 1966 801 1998 boc
825 1975 916 1997 sum-

211 2015 298 2047 sisse
314 2025 358 2047 ex
374 2016 512 2048 Lucano
527 2015 590 2047 lib.
606 2025 660 2049 lv.
680 2015 691 2033 ‘
703 2015 761 2047 Sic
786 2015 915 2048 semine

212 2065 334 2098 Cadmi
350 2065 501 2098 Emicuit
519 2066 660 2098 Dircaea
682 2066 816 2107 cohors,
827 2065 915 2098 ceci-

212 2116 333 2159 ditque
383 2126 521 2149 suorum
549 2117 773 2159 Vulneribus,
803 2117 915 2149 dirum

211 2167 386 2199 Thebanis
401 2166 567 2200 fratribus
583 2167 709 2200 omen.’

258 2221 322 2250 186
347 2219 474 2261 Cernis]
498 2219 576 2252 Hoc
599 2219 766 2262 aliquibus
792 2229 916 2262 qneru-

217 2269 271 2301 lns
283 2269 382 2310 dicit,
408 2269 505 2311 quasi
521 2275 687 2303 monstret
707 2276 743 2304 et
758 2270 918 2313 designet

213 2320 405 2353 Eteoelem.
452 2320 616 2361 Erectum]
645 2320 716 2353 Pro
751 2321 915 2360 ‘en-ecte:

215 2370 430 2411 adverbium,
451 2375 491 2402 ut
512 2371 611 2402 alibi:
633 2371 789 2404 ‘torvum
805 2373 916 2414 lacry-

211 2421 320 2461 mari,’
345 2421 355 2440 ‘
373 2425 507 2454 torvum
521 2421 678 2463 mugire:
698 2421 840 2454 ‘furiale
855 2423 917 2455 mi-

214 2473 313 2506 nari!
359 2473 509 2505 Erectwn
532 2481 627 2514 vero,
638 2472 719 2515 quia
734 2473 917 2505 rectiorem

212 2526 378 2554 staturam
410 2521 587 2560 affectare.
617 2524 839 2565 superborum
880 2527 918 2556 et

213 2572 436 2605 insolentium
451 2573 625 2605 hominum
637 2578 704 2607 est.

255 2626 318 2657 187
345 2625 455 2656 Demto
470 2626 624 2668 consorte]
650 2626 825 2669 Polynice
847 2625 916 2659 fra-

212 2677 281 2706 tre.
326 2674 415 2706 Nam
432 2680 514 2707 aute
537 2681 664 2709 sortem
690 2678 844 2721 ductam,
866 2677 916 2710 in-

211 2724 357 2759 divisum
382 2730 460 2758 erat
475 2725 668 2768 imperium.

1012 1563 1076 1593 189
1119 1561 1227 1594 Hicne
1260 1569 1394 1602 unquam
1420 1559 1565 1600 privatus
1592 1555 1671 1599 erit]

969 1610 1059 1643 Haec
1085 1621 1161 1643 cum
1185 1610 1424 1652 indignatione
1439 1606 1667 1650 pronuntian-

968 1662 1024 1695 da·
1069 1663 1182 1704 Optat
1204 1661 1325 1694 videre
1349 1659 1527 1693 Eteoclem
1553 1656 1669 1699 priva-

968 1717 1053 1754 tum,
1069 1718 1108 1745 ut
1131 1713 1207 1755 ejus
1229 1712 1339 1745 fastus
1366 1720 1407 1743 ac
1433 1708 1597 1751 superbia
1611 1707 1671 1740 de-

969 1763 1150 1804 primatur.
1199 1763 1313 1795 Tamen
1331 1761 1387 1793 ille
1397 1759 1542 1802 precanti
1558 1756 1672 1799 Mitis]

968 1813 1207 1846 Introdueitur
1218 1814 1320 1853 alter,
1331 1811 1389 1854 qui
1397 1808 1557 1842 defendit
1568 1809 1671 1848 Eteo7

969 1865 1057 1897 clem
1074 1875 1094 1897 a
1109 1863 1301 1897 maledictis
1315 1861 1434 1894 invidi.

1012 1918 1074 1948 191
1111 1915 1198 1952 Quia
1220 1911 1365 1946 ntirum?
1396 1920 1460 1943 non
1481 1910 1565 1942 solu
1585 1905 1671 1947 erat]

969 1966 1050 1999 Non
1073 1967 1196 1998 mirum
1210 1970 1277 2004 est,
1291 1964 1341 1996 ait
1354 1963 1414 1995 ille
1427 1960 1629 1998 maledicus,
1643 1960 1674 1992 si

969 2017 1128 2050 Eteocles
1145 2020 1244 2049 tanta
1258 2012 1471 2046 humanitate
1486 2014 1603 2043 utatur
1617 2019 1671 2043 er-

969 2078 1014 2111 ga
1028 2068 1144 2101 cives:
1174 2077 1243 2100 non
1260 2067 1350 2099 solus
1366 2067 1440 2096 est:
1463 2066 1556 2095 metu
1579 2061 1671 2094 euim

969 2118 1077 2152 futuri
1093 2118 1315 2156 successoris,
1338 2115 1496 2149 continet
1519 2122 1558 2145 se
1579 2113 1672 2145 intra

971 2171 1137 2202 terminos
1169 2170 1277 2212 justae
1306 2163 1561 2199 dominationis·
1604 2163 1671 2195 Vel

969 2221 1077 2253 ambit
1089 2221 1180 2252 bisce
1194 2218 1382 2251 ambitiosae
1397 2213 1521 2248 mentis
1535 2213 1672 2254 integu-

968 2271 1106 2308 mentis,
1120 2274 1157 2302 et
1171 2270 1277 2302 talem
1292 2277 1330 2300 se
1338 2265 1466 2309 populo
1477 2262 1672 2296 exhibendo

969 2321 1145 2353 demulcet
1160 2319 1340 2362 populum,
1354 2319 1393 2348 nt
1404 2314 1592 2358 potentiam
1602 2311 1671 2347 fra-

970 2373 1016 2405 tri
1050 2371 1239 2412 subtrahat,
1273 2373 1310 2402 et
1337 2366 1541 2411 procliviore
1570 2363 1604 2396 in
1634 2373 1671 2395 se

970 2423 1096 2456 civium
1123 2421 1238 2464 gratia
1269 2420 1414 2453 nitatur.
1470 2417 1541 2448 Non
1583 2413 1671 2452 vilis,

969 2474 1040 2516 εμπ]
1061 2472 1214 2505 Imitatio
1234 2469 1442 2524 virgiliana!
1458 2466 1493 2498 in
1515 2464 1671 2497 oratione

971 2524 1153 2556 Drances:
1177 2522 1272 2554 ‘Nos
1287 2520 1372 2552 viles
1388 2515 1534 2550 animae.'

1014 2576 1077 2606 193
1100 2570 1236 2611 Boreas]
1271 2568 1361 2602 vide
1389 2576 1492 2608 supra
1517 2574 1567 2597 vs.
1594 2566 1670 2596 1⁶0.

971 2622 1108 2662 Nubifer
1121 2620 1244 2662 Eurus]
1268 2620 1379 2652 Eurus
1395 2621 1449 2649 est
1467 2619 1590 2647 ventus
1602 2613 1672 2656 upi-

971 2674 1049 2708 rans
1074 2673 1117 2706 ab
1141 2677 1221 2705 ortu
1244 2667 1404 2708 brumali,
1428 2675 1527 2710 quem
1555 2663 1668 2696 Latini

971 2725 1179 2757 Vulturnum
1195 2720 1386 2764 appellant.
1416 2714 1670 2765 Nubilaqssuia
