1820 3068
215 203 302 245 65⁸2
719 214 758 243 P.
792 213 983 245 PAPINH
1019 215 1185 248 STATtl

219 310 453 365 Frangitur
474 323 599 352 omne
615 322 767 352 nemus
785 325 794 353 :
826 312 1000 367 rapiunt
1015 314 1196 368 antiqua
1213 315 1419 369 procellae

219 379 408 421 Brachia
428 378 668 433 sylvarum,
690 378 910 434 nullisque
930 385 1116 435 aspecta
1136 395 1216 436 per
1235 394 1380 425 aevum

218 448 400 490 Solibus
418 445 614 488 umbrosi
638 450 821 500 patuere
842 448 1003 490 aestiva
1023 449 1194 504 Lycaei.

220 516 303 558 Ille
323 520 468 557 tamen
485 513 616 556 modo
638 526 752 556 saxa
765 514 888 569 jugis
906 515 1118 570 fugientia
1135 519 1279 572 ruptis

221 585 426 634 Miratur,
443 582 574 624 modo
594 583 842 636 nubigenas
863 596 888 624 e
903 585 1126 626 montibus
1147 598 1301 628 amnes

220 652 343 695 Aure
361 664 542 706 pavenS,
565 651 820 706 passimque
842 652 997 694 insano
1018 654 1190 694 turbine
1206 658 1359 709 raptas

219 721 460 763 Pastorum
479 732 773 774 pecorumque
794 719 972 762 domos:
1004 734 1094 762 non
1114 724 1288 776 segnius
1307 737 1473 775 amem,

222 789 514 843 Incertasque
535 788 635 838 viae,
656 801 734 842 per
753 788 879 842 nigra
898 789 1086 839 silentia,
1110 799 1285 834 vastum

226 857 388 901 Haurit
402 858 511 899 iter:
542 857 691 911 pulsat
709 862 852 898 metus
873 850 1078 912 undique,
1099 862 1144 900 et
1161 859 1352 915 undique
1371 860 1515 903 frater.

223 925 293 968 Ac
314 925 435 968 velut
454 925 646 980 hyberno
664 924 906 980 deprensus
927 926 1081 968 navita
1100 929 1253 981 ponto,

1593 587 1680 630 365

1594 930 1682 973 370

227 1077 434 1117 Tempestate-⁹
448 1076 599 1108 divellunt
614 1079 731 1108 veteres
745 1085 846 1108 ramos
859 1077 1015 1117 arborum,
1036 1081 1068 1110 et
1081 1077 1194 1110 estiva
1207 1079 1295 1119 opaci
1315 1079 1434 1121 Lycoei,
1455 1089 1609 1120 nunquam
1626 1089 1682 1111 ex-

221 1120 325 1161 posita
337 1121 411 1152 solis
431 1119 540 1156 radiis,
562 1121 683 1152 detecta
697 1122 781 1151 sunt.
824 1121 1004 1153 luctamen
1025 1121 1189 1163 Polynices
1209 1123 1299 1153 modo
1312 1126 1414 1163 stupet
1427 1123 1570 1154 cadentes
1591 1132 1682 1163 rupes

222 1163 368 1202 esraclis
382 1163 533 1195 montium
547 1163 767 1198 cacuminibus,
791 1165 879 1195 modo
894 1164 983 1196 timet
999 1165 1128 1196 audiens
1144 1167 1299 1196 torrentes
1313 1169 1398 1197 mos
1418 1165 1550 1196 nubibas
1563 1175 1580 1197 e
1596 1175 1682 1196 mon-

224 1206 307 1238 tibus
321 1207 546 1243 descendentes,
567 1209 598 1238 et
613 1216 699 1237 casas
712 1209 870 1247 pastorum
891 1216 929 1239 ac
941 1217 1085 1248 pecorum
1099 1207 1217 1248 passim
1230 1208 1351 1239 ablatas
1357 1206 1432 1247 fem
1446 1208 1571 1239 diluvic.
1614 1208 1681 1239 Ex-

223 1259 292 1280 cors
304 1254 334 1281 et
350 1249 480 1289 ignarus
500 1249 635 1285 itineris,
658 1259 718 1280 non
739 1249 875 1289 pigrius,
891 1259 947 1290 per
962 1250 1122 1282 obscuram
1137 1254 1269 1290 noctem,
1292 1252 1415 1290 longam
1429 1251 1511 1282 viam
1525 1250 1687 1283 emetitur.

227 1293 334 1324 Timor·
345 1293 415 1333 ugit
430 1303 499 1325 eum
513 1293 660 1335 undique,
679 1295 711 1324 et
727 1291 835 1331 frater
847 1293 990 1334 undiqne.
1039 1294 1083 1325 Ut
1101 1293 1210 1326 Nauia
1225 1294 1413 1336 interceptus
1427 1295 1461 1326 in
1473 1294 1555 1326 mori
1564 1294 1683 1335 procel-

839 1404 916 1418 NOO
920 1404 1054 1418 ‘000000
1058 1404 1077 1417 0

227 1494 269 1527 In
287 1498 385 1526 textu
402 1493 522 1536 optimi
545 1493 671 1527 codicis
693 1493 871 1526 Barthiani
898 1500 952 1528 est
966 1495 1089 1537 raptis.-
1112 1494 1196 1528 illud
1223 1495 1367 1529 alterum
1391 1495 1498 1529 instar
1523 1494 1684 1527 variantis

226 1538 381 1569 lectionis
396 1537 784 1579 suprascriptum-365
809 1538 936 1570 Nescio
958 1539 1054 1580 quis:
1078 1539 1238 1579 nubiginis
1251 1548 1268 1570 e
1283 1538 1448 1570 montibus.
1491 1538 1581 1570 Vide
1599 1538 1686 1570 Gro-

228 1581 364 1612 novium
388 1582 422 1612 in
448 1581 559 1612 Diatr.
578 1590 610 1620 p.
633 1582 816 1612 aaa—36⁷
840 1581 977 1612 Taurin.
1000 1590 1154 1624 unusque
1179 1581 1387 1614 Burmanni:
1409 1584 1568 1621 pastorum
1593 1591 1685 1621 pec«-

226 1625 356 1666 dumque
368 1624 588 1656 domna-37⁰
613 1623 777 1655 Nonnulli
791 1623 893 1656 codd.
915 1625 1078 1665 depressus
1086 1634 1100 1663 ;
1124 1624 1182 1657 alii
1195 1625 1351 1667 «lepresus.
1396 1624 1486 1656 Vide
1501 1624 1618 1657 Bentl.
1640 1623 1685 1655 ad

888 1733 1035 1767 NOTIE

230 1823 319 1857 Quia
327 1820 437 1864 hydra
453 1820 497 1853 ab
511 1820 662 1852 Hercule
675 1820 791 1852 occisa
802 1818 933 1853 effude—

230 1878 285 1906 rat
303 1881 469 1905 venenum
486 1882 581 1903 suum
598 1871 630 1902 iu
647 1871 735 1903 hanc
762 1871 934 1912 paludem,

231 1924 323 1966 quod
338 1922 478 1955 fundum
497 1922 646 1963 petierat
659 1932 669 1952 z
693 1920 845 1963 dicitque
868 1922 936 1954 Po·

231 1974 289 2006 &ta
305 1978 433 2006 tantam
449 1971 555 2004 fuisse
573 1971 786 2013 tempestatis
800 1972 880 2013 vim,
896 1976 935 2004 ut

231 2026 344 2057 Lerna
371 2024 404 2055 in
430 2023 496 2054 imo
512 2021 619 2054 fundo
639 2027 731 2054 mota
755 2021 872 2059 fuerit,
899 2028 935 2055 et

230 2073 442 2116 spumaverit
457 2082 601 2110 veneno,
626 2073 718 2115 quod
741 2072 788 2105 ibi
804 2073 934 2106 excita·

232 2132 304 2158 tum
318 2124 445 2156 fuerat.

276 2178 340 2207 362
356 2174 494 2207 Brachia
509 2174 683 2215 sylvarum]
709 2175 843 2207 Remos.
856 2175 935 2207 Vir·

234 2226 358 2267 gilius:
383 2230 391 2244 ⁴
409 2225 451 2257 In
475 2225 588 2256 medio
609 2234 717 2256 ramos
740 2235 936 2268 annosaque

233 2277 375 2310 brachia
396 2275 577 2317 pandens.’
620 2275 786 2317 Nulli-sque
810 2279 934 2317 aspecta

230 2338 290 2371 per·
303 2337 402 2361 oevum
418 2326 560 2367 Solibus]
574 2326 631 2358 Ob
643 2326 852 2359 densitatem
868 2328 934 2359 sal·

235 2385 290 2413 tus
318 2379 462 2412 scilicet.
506 2377 646 2418 Solibus]
678 2378 719 2410 Id
743 2383 808 2419 est,
831 2378 935 2411 radiis

237 2431 418 2464 solaribus.

277 2485 340 2514 363
358 2479 499 2521 AEstiva]
523 2480 615 2512 Loca
627 2478 797 2520 umbrosa,
812 2480 846 2512 in
863 2481 937 2523 qui-

235 2533 379 2574 bus'per
394 2535 547 2563 aestatem
566 2539 695 2572 pecora
715 2535 859 2571 captant
879 2529 937 2562 fri-

237 2591 308 2623 gus,
335 2587 370 2613 et
393 2582 504 2613 vitant
527 2585 656 2614 aestum.
676 2581 772 2614 solis.
815 2581 939 2622 Lycoei]

237 2633 382 2674 Lycaeus
396 2641 490 2662 mons
505 2630 681 2672 Arcadiae,
696 2635 734 2663 ut
749 2640 852 2673 supra
866 2631 941 2665 dix-

239 2683 339 2716 imus.
395 2681 563 2714 Umbrum
594 2681 734 2721 dicitur,
759 2682 803 2714 ob
833 2682 940 2714 saltus

239 2732 469 2771 densissimos,
484 2731 607 2772 quibus
620 2731 779 2772 cingitur.

283 2785 345 2815 361
370 2782 443 2823 Ille]
468 2781 661 2824 Polynices.
705 2783 802 2823 augia
817 2782 937 2824 ruptio]

988 1821 1034 1853 Vi
1049 1824 1228 1854 ventorum
1241 1831 1283 1854 ac
1295 1821 1524 1863 tempestatis.

1031 1875 1094 1904 365
1118 1872 1302 1913 Nubigenae
1325 1871 1449 1913 amnes]
1485 1871 1684 1913 Nubigenas

989 1932 1105 1955 amnes
1126 1923 1226 1964 dicit,
1240 1923 1330 1964 quod
1357 1933 1474 1956 amnes
1496 1929 1689 1964 augeantur

988 1983 1031 2004 ex
1048 1973 1211 2005 imbribus
1226 1972 1344 2005 effusis
1357 1973 1547 2006 enubibus.
1611 1999 1615 2002 .
1680 1987 1686 2002 ι

1031 2026 1096 2056 366
1118 2025 1206 2055 Aure
1225 2023 1356 2064 pavens]
1390 2023 1580 2066 Virgilius:
1603 2027 1615 2043 ‘
1629 2024 1691 2056 So-

987 2084 1050 2107 nus
1063 2074 1194 2107 excitat
1207 2075 1316 2107 omnis
1326 2074 1564 2116 suspensum.’
1610 2075 1688 2107 Pae-

987 2126 1104 2167 simque
1128 2125 1237 2158 insano
1255 2125 1380 2157 turbine
1399 2129 1510 2167 raptat
1521 2125 1691 2157 Pastorm

985 2185 1186 2216 pecorumque
1201 2175 1320 2216 domos]
1355 2175 1592 2208 Horatiunn.
1618 2175 1690 2208 od.

989 2229 1044 2258 29.
1067 2228 1076 2244 ‘
1091 2226 1192 2258 Nunc
1220 2225 1352 2267 lapides
1381 2226 1519 2267 adesos,
1541 2225 1692 2267 stirpes-

990 2286 1057 2319 que
1079 2281 1208 2318 raptas‚
1222 2280 1257 2307 et
1271 2285 1390 2318 pecus,
1407 2281 1444 2309 et
1459 2277 1592 2318 domos,
1605 2277 1691 2309 Vol-

990 2327 1103 2360 ventis
1126 2338 1205 2368 nna,
1230 2337 1296 2360 non
1321 2328 1394 2361 sine
1423 2329 1589 2361 montium
1613 2328 1692 2361 Cla-

990 2387 1085 2410 more
1100 2378 1290 2420 vicinaeque
1307 2378 1428 2420 sylvae,
1441 2379 1528 2411 Cum
1551 2378 1626 2410 fera
1641 2378 1692 2410 di.

991 2429 1100 2461 luvies
1116 2429 1252 2470 quietos
1269 2428 1392 2461 Irritat
1403 2428 1544 2461 amnes-¹
1683 2448 1689 2459 t

1035 2482 1100 2512 369
1122 2480 1235 2512 Pulsot
1260 2483 1361 2512 metm
1383 2479 1531 2520 undique,
1545 2482 1579 2512 et
1600 2479 1693 2511 nanda·-

992 2530 1178 2572 quesraler]
1200 2530 1310 2564 Quem
1321 2529 1410 2561 enim
1427 2530 1595 2569 timemus,
1607 2539 1692 2562 sem·

995 2590 1056 2622 per
1079 2590 1140 2613 no·
1160 2580 1294 2622 insequi
1318 2579 1535 2612 arbitramur.
1581 2580 1694 2620 Virgi-

993 2631 1058 2663 lius
1073 2631 1205 2664 AEneid.
1220 2640 1303 2663 vin.
1325 2631 1335 2650 ‘
1348 2629 1500 2662 Pedibus
1517 2630 1619 2662 timor
1633 2629 1693 2662 ad·

994 2681 1082 2713 didit
1097 2681 1191 2714 alas)
1218 2681 1400 2722 Euripides
1414 2680 1448 2712 in
1459 2680 1695 2722 Supplicibus,

994 2732 1094 2775 φόβος
1107 2733 1139 2773 μ’
1154 2733 1330 2773 ἀναπτεροῖ.
1378 2730 1504 2772 Frater]
1522 2731 1693 2765 Eteocles.
