1820 3068
242 209 329 252 720

744 221 783 252 P.
819 220 1011 252 PAPINII
1047 218 1215 252 STATn

242 317 476 371 Praecipiti
496 316 716 359 convulsa
738 316 865 359 Noto
887 321 1150 371 prospectet
1171 317 1363 359 amicam

241 385 423 440 Puppis
444 386 651 426 humum:
675 384 806 438 juvat
823 385 1048 437 ingressos
1068 384 1220 426 felicia
1239 385 1362 438 regni

1623 385 1709 427 195

243 453 408 495 Omina
427 453 550 508 quod
573 457 779 506 superest
796 453 880 494 fati
905 453 1103 508 vitaeque
1123 451 1326 495 laborum

242 522 439 563 Fortuna
457 521 643 563 transire
664 523 759 562 tua.

819 519 920 562 Nec
940 521 1070 575 plura
1089 521 1268 571 morati,

243 590 549 643 Consurgunt:
580 587 712 629 dictis
732 587 979 642 impensius
1001 593 1182 642 aggerat
1204 601 1334 630 omne
1376 595 1379 597 “

241 658 523 700 Promissum
543 655 754 697 Inachius
771 659 912 710 pater,
934 657 1197 711 auxilioque
1211 655 1409 699 futurum

239 726 301 769 Et
320 725 479 780 patriis
501 723 695 778 spondet
712 723 899 766 reduces
918 723 1126 766 inducere
1145 724 1308 779 regnis.

239 797 361 849 Ergo
382 795 555 836 alacres
576 791 704 846 Argi,
725 793 828 835 fuso
848 806 1026 835 rumore
1043 806 1124 847 per
1141 794 1295 835 urbem

238 863 494 905 Advenisse
512 861 616 903 duci
634 873 833 915 generos,
854 860 1099 915 primisque
1121 860 1387 915 Hymenaeis

238 931 473 986 Egregiam
494 929 677 983 Argian,
698 943 784 972 nec
798 930 953 972 formae
970 929 1106 971 laude
1125 928 1363 971 secundam

239 999 479 1054 Deipylen,
499 997 667 1039 tumida
681 998 776 1052 jam
793 997 1050 1051 virginitate
1064 996 1230 1052 jugari,

233 1142 342 1171 cemat
354 1140 526 1172 salutarem
540 1143 670 1172 terram.
716 1137 857 1183 Expedit
872 1140 972 1178 nobis,
992 1140 1147 1180 ingressis
1161 1140 1285 1179 faustis
1296 1140 1448 1182 auspiciis
1460 1149 1592 1181 reguum
1603 1143 1705 1178 tuum,

235 1182 413 1223 transigere
426 1183 482 1216 sub
499 1186 575 1224 patr
575 1194 676 1215 ocmta
701 1187 765 1216 luoe
783 1184 926 1223 fortunoe
947 1185 1027 1224 quod
1041 1183 1130 1216 uobis
1144 1184 1298 1226 reliquum
1313 1189 1360 1216 est
1374 1187 1528 1216 uhuorum
1549 1192 1702 1215 ‹erumm-

233 1234 364 1266 rumque
384 1226 473 1259 vitae.
520 1227 589 1258 Nec
613 1228 683 1268 plus
707 1228 862 1267 cunctati,
883 1231 1089 1267 consurgunt.
1132 1227 1282 1260 Inachius
1298 1230 1391 1269 pum·
1415 1226 1577 1269 confirmat
1602 1225 1705 1257 verbis

233 1269 483 1309 expressioribus
501 1273 631 1301 cunctas
650 1270 895 1311 pollicitationes
917 1279 1002 1306 snum,
1021 1269 1254 1311 promittitque,
1274 1280 1309 1302 se
1331 1280 1385 1302 eos
1409 1270 1601 1310 adiuturum,
1622 1271 1655 1299 et
1670 1267 1705 1300 in

229 1312 372 1352 patriam
384 1321 524 1344 reversos
536 1313 756 1345 restituturum
769 1314 803 1345 in
818 1315 921 1344 sedem
933 1322 1072 1344 avorum.
1115 1313 1230 1354 Itaque
1252 1314 1426 1354 gaudentes
1444 1313 1572 1353 Argivi.
1591 1320 1703 1352 sparsa

233 1355 345 1386 nuntio
361 1365 419 1396 per
441 1356 615 1395 civitatem,
634 1366 767 1396 generos
790 1356 951 1387 aduenisse
977 1356 1061 1395 regi,
1083 1358 1115 1387 et
1132 1356 1308 1394 formosam
1325 1356 1475 1395 Argiam,
1498 1358 1530 1386 et
1545 1355 1705 1395 Deipylen

232 1406 292 1428 non
308 1398 358 1430 illi
378 1398 612 1439 pulchritudine
626 1399 818 1440 inferiorem,
837 1400 930 1444 plena
946 1397 1017 1438 jam
1032 1399 1234 1440 virginitate,
1254 1409 1327 1431 mox
1343 1399 1421 1438 fare
1435 1399 1568 1439 junctas
1587 1396 1704 1439 'primis

848 1505 866 1517 0

1009 1505 1091 1517 ΜΟ

232 1586 372 1619 Taurin.
397 1588 525 1619 reduces
551 1588 698 1619 reducere
722 1587 841 1627 regnis.
844 1589 952 1618 —203
975 1587 1074 1618 Unus
1102 1586 1229 1618 Behot.
1250 1586 1445 1626 adventasse,
1469 1588 1507 1618 et
1533 1595 1597 1627 pro
1621 1595 1652 1618 v.
1679 1585 1703 1618 l.

232 1630 402 1662 advenisse.
404 1633 512 1662 -204
536 1630 621 1672 Deip
622 1630 707 1662 hilen
721 1629 827 1662 Aldd.
844 1630 954 1661 Colin.
971 1629 1044 1671 Gry
1048 1629 1105 1670 p.h
1129 1628 1542 1661 Basi1.P1ant.Grasser.
1559 1629 1702 1660 Gevart.

233 1672 378 1705 Amstei.
394 1673 549 1706 Gronov.
560 1673 683 1705 Barth.
694 1673 804 1704 Veen.
820 1678 856 1704 et
872 1672 1001 1714 Delph.
1023 1639 1258 1704 yScribendum
1273 1670 1455 1712 Deipylem·
1475 1680 1551 1703 nam
1569 1670 1703 1703 Graecis

232 1714 381 1754 Δηϊπῦλη
407 1721 481 1757 est3
506 1722 544 1749 et
570 1716 621 1748 sie
646 1715 799 1748 correxit
823 1715 1020 1748 Gronovius
1048 1715 1083 1747 in
1108 1715 1264 1747 Erratis:
1287 1715 1377 1746 male
1403 1718 1521 1747 tamen
1542 1714 1704 1746 Editores

892 1817 1037 1851 NOTAE

994 1908 1003 1922 ‘
1014 1904 1069 1937 Ex
1085 1913 1153 1946 quo
1169 1903 1300 1945 primus
1314 1901 1480 1944 Hymen!
1521 1902 1626 1936 Silius
1641 1904 1688 1936 lib
1700 1927 1710 1938 .

230 1906 367 1949 paratio
387 1906 590 1939 adumbrata
609 1915 654 1938 ex
681 1904 868 1938 Homerica
890 1904 939 1937 0-

994 1963 1021 1987 ι.
1044 1955 1054 1973 ‘
1068 1954 1238 1995 Virgineis
1257 1953 1424 1995 juvenem
1447 1953 1548 1986 taedis
1573 1953 1705 1995 primo·

229 1958 324 1999 dyss.
338 1961 379 1990 Ψ.

274 2012 337 2040 195
352 2009 455 2040 Juvat
461 2008 618 2049 ingressos
617 2007 731 2046 felicia
739 2006 831 2047 regni
847 2006 937 2037 Omi-

227 2058 285 2100 na]
299 2060 370 2092 Pro
380 2059 485 2101 juvat
499 2059 673 2101 ingressos
685 2058 841 2091 felicibus
852 2058 935 2095 omi-

227 2110 330 2143 nibus
344 2120 489 2153 regnum
505 2115 611 2143 tuum.

270 2165 334 2194 197
357 2162 503 2194 Fortuna
517 2162 587 2203 tua]
611 2161 681 2194 Sub
699 2161 810 2193 tutela
827 2159 935 2192 fortu-

225 2221 282 2245 nae
297 2216 381 2245 tuae.
425 2212 636 2246 Enitendum
652 2217 707 2243 est
729 2211 819 2242 enim
834 2210 934 2242 mise-

993 2014 1059 2046 que
1074 2005 1254 2046 hymenaeo
1276 2003 1454 2036 Imbuerat
1475 2004 1613 2046 conjux,
1631 2015 1700 2038 me-

990 2055 1147 2098 morique
1170 2054 1314 2087 tenebat
1334 2053 1476 2087 amore!
1518 2054 1614 2087 Ubi·
1630 2057 1699 2097 pri·

989 2115 1064 2138 mus
1076 2104 1086 2119 '
1101 2105 1231 2138 dicitur
1246 2105 1320 2137 sine
1335 2108 1496 2146 respectu
1511 2105 1557 2138 ad
1577 2115 1699 2140 secun—

989 2158 1051 2191 das
1078 2158 1230 2200 nuptias.
1279 2159 1328 2190 Et
1356 2158 1615 2200 ‘Hy-menaeus'
1643 2159 1699 2191 hic

989 2210 1137 2242 sumitur
1163 2219 1227 2251 pro
1255 2208 1398 2250 nuptiis.
1444 2208 1583 2249 Hymen
1605 2210 1699 2242 enim

226 2263 289 2303 ris,
303 2267 342 2295 ut
353 2263 584 2305 adjungantur
598 2262 779 2295 felicibus:
796 2270 935 2303 sperare

225 2314 319 2345 enim
348 2318 494 2355 possunt
523 2323 642 2345 eornm
672 2312 867 2354 patrocinio
897 2321 935 2343 se

224 2364 409 2397 adversam
426 2364 599 2396 fortunam
615 2369 850 2405 superaturos.
888 2363 936 2394 Et

228 2415 368 2448 videtur
382 2415 498 2447 Poeta
514 2416 595 2447 illud
612 2414 744 2446 Lucani
758 2418 838 2445 ante
854 2423 935 2445 ocu-

226 2467 278 2499 los
295 2467 476 2498 habuisse:
500 2467 509 2485 ‘
526 2467 617 2499 Fatis
629 2466 760 2498 accede
773 2465 937 2508 Deisque,

227 2517 275 2550 Et
291 2517 368 2549 cole
382 2516 527 2550 felices!

272 2570 336 2600 199
360 2569 510 2600 Inachius
522 2568 628 2610 pater]
653 2566 835 2600 Adrastus.

268 2621 334 2651 200
357 2620 402 2650 Et
412 2619 531 2660 patriis
544 2620 674 2660 spondet
696 2620 823 2650 reduces
843 2618 934 2650 indu-

227 2680 296 2702 cere
311 2670 432 2713 regnis]
454 2670 553 2702 Idem
572 2671 680 2702 tradit
702 2669 933 2711 Apollodorus

227 2721 286 2754 lib.
303 2729 361 2753 ιιῐ.

269 2774 334 2803 202
358 2771 479 2804 Primis
499 2770 694 2813 Hymenaeis]
726 2770 784 2803 Sic
798 2769 858 2801 lib.
873 2777 930 2802 nr.

989 2272 1051 2295 seu
1067 2263 1278 2304 Hymenaeus
1293 2260 1425 2302 nuptiis
1440 2260 1621 2301 praesidet.

1031 2316 1096 2345 204
1133 2312 1293 2354 Deipylen
1329 2310 1536 2353 [Deiphilus]
1571 2312 1699 2344 Melius

988 2363 1160 2405 Deipylen,
1182 2368 1222 2395 ut
1246 2361 1375 2394 habent
1397 2360 1538 2404 quidam
1555 2361 1643 2404 Mss.
1659 2369 1698 2397 et

990 2413 1235 2456 Apollodorus.
1268 2412 1478 2452 Tumidajam
1492 2412 1696 2453 virginitale]

988 2465 1205 2499 Prudentius
1231 2468 1353 2497 contra
1374 2463 1613 2505 Symmachum
1636 2463 1697 2495 lib.

989 2525 1031 2548 11.
1057 2517 1067 2535 ‘
1082 2516 1168 2548 Cum
1185 2514 1347 2547 thalamis<
1365 2513 1490 2545 habilis
1506 2513 1633 2544 tumuit
1649 2513 1696 2545 vi-

989 2566 1073 2608 gor!
1119 2565 1320 2608 Virginibus
1334 2563 1429 2597 enim
1455 2563 1491 2595 in
1518 2564 1620 2605 plena
1635 2574 1697 2605 pu-

988 2618 1125 2650 bertate
1142 2626 1266 2658 corpus
1281 2615 1490 2655 intumescit,
1498 2616 1694 2656 praesertim

988 2674 1111 2710 pectus
1126 2672 1164 2701 et
1179 2676 1348 2708 marnmae,
1362 2666 1441 2698 hinc
1456 2666 1466 2683 ‘
1481 2665 1614 2700 tumida
1630 2667 1696 2698 vin·-

986 2719 1135 2762 ginnas?
1177 2717 1330 2751 Turneb.
1347 2716 1409 2750 lib.
1426 2725 1516 2750 xxv.
1531 2727 1611 2760 cap.
1627 2719 1692 2751 ult.
