1820 3068
238 220 325 263 902

737 228 779 261 P.
812 228 1005 262 PAPINII
1037 230 1208 263 STA'ru

241 327 423 369 Pridem
443 327 598 382 lapsus
619 339 755 378 amor,
774 332 824 369 tu
843 341 961 370 nunc
979 328 1183 370 horrente
1203 329 1286 370 sub
1308 331 1433 371 arcto

241 395 414 436 Bellica
434 395 597 437 serrato
617 394 799 450 rapidus
819 397 967 450 quatis
988 396 1159 439 Ismara
1175 396 1339 451 thyrso,

241 462 622 517 Pampineumqne
636 460 772 516 jubes
793 476 949 505 nemus
970 464 1184 518 irreptare
1205 465 1422 520 Lycurgo,

240 529 338 571 Aut
358 531 574 572 tumidum
595 530 798 585 Gangen,
820 535 896 573 aut
916 532 1116 574 claustra
1133 532 1381 574 novissima
1397 532 1540 574 rubrae

237 598 455 652 Tethyos,
476 598 686 654 ansque
702 598 861 640 domos
880 599 1091 652 flagrante
1113 599 1335 653 triumpho

241 664 454 715 Pei-furis,
475 669 552 707 aut
575 665 732 707 Hermi
753 666 809 707 de
829 665 1027 708 sontibus
1049 680 1207 708 aureus
1229 667 1342 708 exis.
1386 683 1389 686 ‘

240 731 303 774 At
323 736 402 774 tua
420 733 669 787 progenies,
690 733 854 787 positis
874 734 1112 787 gentilibus
1132 734 1267 776 armis

1616 733 1703 776 390

239 842 355 874 dudum
369 842 488 874 caritas
503 843 583 874 aviti
594 843 702 884 populi
716 843 845 884 excidit,
869 848 903 875 tu
918 854 1000 876 nunc
1013 844 1069 876 sub
1084 845 1208 885 rigente
1221 844 1438 887 septemtrione
1452 843 1706 883 tremefacisfer-

238 888 310 916 rato
326 886 434 926 thyrso
450 886 574 917 Martia
590 886 727 924 Ismara,
748 890 780 918 et
803 887 938 927 imperas
959 887 1156 928 pampineum
1177 889 1298 929 sylvam
1321 889 1494 920 increscere
1512 887 1613 919 invito
1638 882 1703 928 Ly-

238 937 351 966 curgo,
373 932 428 960 aut
441 930 572 960 ardente
585 929 742 969 triumpho
757 929 872 968 furens
886 931 992 968 ageris
1011 940 1069 971 per
1089 929 1235 972 inflatum
1251 931 1408 971 Gangem,
1429 933 1487 962 aut
1499 930 1625 962 auium
1638 933 1703 962 ter-

240 970 341 1001 minos
363 971 460 1002 maris
481 971 581 1010 rubri,
603 981 641 1003 ue
664 973 775 1011 plagas
801 972 994 1012 Orientale-3,
1016 976 1073 1004 aut
1093 983 1206 1005 aureus
1229 972 1387 1013 egrederis
1410 983 1453 1005 ex
1471 973 1562 1013 aquis
1576 972 1703 1004 Hermi.

239 1013 288 1045 At
302 1016 357 1045 tua
381 1013 509 1055 soboles,
529 1014 668 1046 dimissis
685 1015 801 1056 patriis
825 1015 934 1051 armis.
955 1025 1025 1056 quoe
1047 1016 1185 1048 sumebat
1198 1015 1234 1048 in
1245 1015 1451 1048 celebratione
1462 1018 1588 1047 tuorum
1601 1024 1704 1047 sacro-

845 1097 1089 1112 oeeeeoeeooaee

241 1166 349 1198 —386
372 1166 526 1209 Uterque
542 1166 666 1200 Bebot.
680 1167 837 1209 irreptare
852 1167 1109 1208 &carga—391
1136 1167 1215 1204 Quoe
1235 1165 1295 1199 tibi
1308 1165 1399 1205 festa
1421 1165 1515 1199 litant
1530 1165 1652 1198 Beliot.
1669 1167 1703 1197 2.
1771 1180 1775 1182 -

910 1251 1051 1284 NOTAE

243 1321 343 1358 aeque
360 1316 487 1357 plures.
535 1315 650 1348 Gentis
674 1314 785 1356 avitoe]
807 1314 863 1348 Ob
884 1315 946 1347 Se-

245 1366 369 1397 melem
386 1371 532 1397 matrem
547 1365 760 1397 Thebanam.

283 1417 346 1447 385
365 1416 502 1457 Ismara]
519 1415 681 1455 Ismarus,
696 1416 751 1448 vel
763 1416 895 1447 Ismara
911 1415 946 1447 in

240 1467 378 1507 plurali,
403 1476 498 1498 mons
513 1466 664 1498 Thraciae
681 1466 819 1498 Baccho
835 1475 946 1506 sacer,

241 1525 342 1557 asper
358 1520 395 1548 et
410 1516 558 1548 incultus
575 1526 617 1547 ex
634 1526 701 1548 una
717 1520 828 1557 parte,
843 1526 885 1548 ex
901 1517 947 1548 al-

239 1571 317 1598 tera
332 1575 412 1598 vero
430 1565 551 1597 fertilis
567 1565 646 1597 vitis
662 1572 698 1598 et
714 1566 826 1604 olivae,
845 1559 945 1608 quern

237 1616 404 1657 ‘Orpheus
430 1616 613 1648 incoluisse
637 1616 778 1658 dicitur,
798 1617 946 1658 hincque

244 1667 409 1699 Ismarius
426 1671 582 1699 vocatus.

285 1720 351 1749 386
374 1717 538 1759 Lycurgo]
563 1718 738 1758 Lycurgus
760 1726 820 1749 rex
844 1718 948 1750 Thra-

242 1768 319 1807 ciae,
343 1778 421 1800 cum
449 1767 586 1800 videret
610 1767 765 1799 subditos
787 1767 950 1800 ebrietati

190 1835 193 1838 -
242 1818 393 1859 deditos,
419 1827 536 1850 omnes
561 1818 650 1849 vites
678 1818 712 1849 in
739 1822 812 1850 toto
841 1828 949 1860 regno

242 1868 356 1901 excidi
376 1869 491 1910 jussit.
537 1868 631 1900 Hinc
652 1874 734 1900 nata
753 1868 870 1901 fabula
884 1870 950 1911 Ly-

243 1929 385 1961 curgum
415 1918 634 1952 infestissimo
664 1919 744 1951 odio
775 1920 950 1952 Bacchum

243 1974 463 2012 persecutum
477 1968 598 2011 fuisse,
619 1979 660 2001 ac
682 1979 702 2002 e
716 1970 864 2002 Thracia
878 1971 950 2012 eje-

241 2021 329 2053 cisse
343 2031 353 2060 3
371 2020 518 2063 ideoque
527 2020 623 2062 justa
634 2020 765 2052 Bacchi
782 2020 950 2062 vindicta,

241 2072 356 2114 ipsum
381 2071 500 2104 furore
524 2075 736 2113 correptum,
760 2081 837 2104 cum
861 2072 950 2104 vites

245 2131 381 2165 qnoque
411 2122 486 2164 ipse
515 2121 676 2154 excidere
709 2125 875 2162 tentaret,
905 2130 949 2154 ne

243 2174 382 2205 Baccho
411 2173 444 2204 in
475 2176 649 2214 posterum
678 2171 859 2212 libaretur,
884 2172 950 2204 sibi

245 2233 323 2256 crus
349 2222 551 2255 succidisse.
597 2221 688 2254 Vide
703 2227 741 2254 et
761 2221 950 2263 Apollodo-

243 2282 319 2306 nrm
336 2274 566 2307 Bibliotheces
580 2273 639 2305 lib.
654 2281 711 2305 ιιι.
727 2277 764 2305 et
776 2272 949 2314 Hyginum

245 2324 330 2356 Fab.
350 2327 424 2356 132.
833 2341 835 2343 v

288 2378 353 2407 387
380 2374 533 2415 Gangen]
567 2374 717 2413 Ganges,
744 2372 855 2406 Iudiae
887 2372 950 2405 flu-

246 2426 334 2466 vius,
351 2435 412 2467 per
427 2434 529 2468 quem
546 2423 650 2456 Indos
665 2422 851 2465 significat,
866 2434 950 2466 quos

246 2476 418 2516 Bacchus,
440 2475 591 2517 aliasque
617 2474 800 2506 orientales
827 2480 949 2516 gentes

245 2527 417 2559 domuisse
448 2525 570 2566 fertur,
603 2525 802 2566 primusque
833 2526 951 2557 trium-

246 2579 367 2620 phasse
398 2577 442 2608 de
471 2575 621 2608 subactis
657 2575 803 2616 populis,
832 2580 952 2607 vectus

247 2630 432 2671 elephanto
447 2627 581 2660 Indico.
608 2625 725 2658 Rubrae
734 2625 886 2668 Tethyos]
897 2626 952 2657 In-

248 2679 372 2721 telligit
389 2679 544 2711 Rubrum
562 2677 682 2709 Mare:
708 2677 843 2718 Tethyn
860 2676 950 2708 enim

245 2735 309 2770 pro
336 2729 421 2760 mari
447 2728 536 2760 sumi
559 2726 714 2759 omuibus
737 2730 855 2758 notum
881 2730 948 2758 est.

246 2781 348 2812 Mare
374 2788 457 2811 vero
478 2777 630 2810 Rubrum
656 2775 800 2814 Latinis,
816 2775 948 2809 Graecis

1001 1315 1234 1357 Erythraeum,
1261 1318 1315 1348 est
1341 1315 1453 1358 portio
1469 1314 1603 1348 oceani
1618 1314 1703 1348 Ara-

1002 1366 1092 1398 biam
1122 1376 1142 1397 a
1169 1365 1318 1398 Meridie
1343 1366 1515 1406 alluenfis,
1539 1365 1582 1397 ad
1599 1365 1703 1411 Oc033

1000 1416 1140 1449 dentem
1169 1417 1335 1460 Arabico,
1355 1415 1400 1450 ad
1416 1416 1542 1449 Ortum
1561 1410 1705 1449 Persico

1000 1467 1077 1499 sinu
1103 1467 1290 1500 terminati.
1343 1467 1462 1500 Graeci
1487 1466 1530 1498 ab
1557 1466 1705 1507 Erythra

1001 1528 1083 1560 rege
1098 1519 1147 1550 sic
1171 1522 1330 1550 vocatum
1352 1517 1518 1550 scribunt.
1560 1515 1705 1550 Hebraei

991 1569 1060 1608 jam
1074 1568 1157 1610 soff,
1188 1578 1249 1601 seu
1273 1577 1370 1600 mare
1396 1567 1497 1609 algae,
1514 1570 1701 1598 vocarunt:

1000 1620 1133 1653 Arabes
1160 1628 1254 1652 mare
1281 1619 1468 1658 Colznmae,
1497 1617 1542 1649 ab
1571 1616 1701 1658 oppido

1002 1669 1201 1702 Alcholzum
1213 1669 1248 1701 in
1261 1669 1381 1701 littore
1394 1667 1530 1709 :Egypti
1541 1668 1704 1711 opposito

1003 1721 1124 1761 Elane,
1136 1730 1197 1752 seu
1209 1718 1439 1761 promontorio
1449 1717 1594 1751 Pharan.
1613 1717 1706 1750 Urbs

1002 1771 1082 1803 inde
1111 1770 1219 1809 dicta,
1242 1768 1333 1811 quod
1358 1777 1470 1811 prope
1499 1777 1705 1801 summersus

1003 1821 1165 1853 credatur
1190 1820 1336 1852 Pharao.
1380 1819 1514 1851 Kulzem
1539 1819 1630 1851 enim
1651 1822 1706 1852 est

1003 1871 1185 1912 deglutire,
1213 1869 1407 1902 absorbere.
1456 1869 1560 1901 Unde
1583 1869 1705 1902 'Parcis

1003 1922 1103 1953 Mare
1145 1920 1300 1952 Rubrum
1334 1919 1476 1959 dicitnr,
1513 1918 1704 1951 Plias-sonis

1003 1980 1108 2004 mare.
1152 1969 1267 2003 Hodie
1284 1978 1348 2011 pro
1363 1969 1526 2002 Colzuma
1543 1974 1598 2002 est
1613 1969 1703 2002 Sues.

1006 2027 1010 2035 ·
1046 2024 1111 2053 889
1133 2020 1298 2062 Pensm-is]
1324 2019 1367 2051 Id
1393 2023 1461 2059 est,
1482 2018 1600 2052 furore
1625 2029 1706 2052 con-

1004 2072 1113 2104 cutis:
1138 2076 1198 2104 aut
1213 2071 1319 2103 vertis
1334 2071 1370 2102 in
1386 2069 1536 2102 furorem
1551 2070 1657 2102 Indos
1669 2075 1707 2103 et

1004 2123 1201 2155 orientales
1224 2126 1358 2164 gentes.
1401 2121 1533 2162 Hermi]
1555 2121 1706 2154 Hermus

1002 2172 1127 2205 fluvius
1143 2182 1264 2205 aureas
1285 2180 1406 2204 arenas
1429 2172 1580 2204 volvens.
1625 2170 1704 2203 ori·

1004 2227 1059 2256 tur
1073 2224 1178 2265 juxta
1192 2223 1383 2264 Dorylaum
1409 2222 1566 2263 Pbrygiae
1583 2221 1708 2253 civita-

1004 2279 1087 2314 tem,
1099 2274 1132 2305 iu
1149 2278 1266 2305 monte
1281 2273 1424 2314 Dorylo,
1438 2271 1707 2314 inter-fluensque

1002 2323 1216 2365 Smyrnaenm
1245 2332 1376 2363 agrum,
1406 2322 1663 2366 Phrygiamque
1685 2333 1707 2355 a

1003 2374 1107 2407 Caria
1131 2373 1300 2414 dividens,
1328 2373 1467 2405 tandem
1494 2373 1635 2415 Lydiam
1656 2374 1705 2405 al-

1002 2426 1100 2457 luens
1123 2425 1158 2457 in
1175 2433 1271 2457 mare
1287 2422 1410 2456 influit.
1454 2423 1592 2464 Aureus]
1616 2424 1706 2458 Quia

1006 2475 1155 2507 Hermus
1180 2483 1300 2506 arenas
1323 2483 1443 2506 aureas
1469 2473 1606 2505 trahere
1620 2473 1704 2505 dici-

1005 2529 1074 2558 tur.
1119 2526 1182 2557 Est
1198 2524 1280 2556 item
1295 2523 1436 2558 Achaiae
1453 2522 1586 2555 fluvius.

1046 2578 1111 2607 390
1135 2575 1201 2607 Tua
1215 2574 1395 2616 progenies]
1417 2573 1582 2606 Thebani.
1613 2573 1706 2605 Posi-

1004 2627 1048 2658 tis
1059 2625 1232 2667 gentilibus
1244 2624 1355 2665 armis]
1372 2623 1424 2655 An
1436 2623 1561 2664 thyrsis
1573 2622 1705 2664 positis,

1006 2686 1091 2718 qnos
1109 2685 1153 2708 ex
1169 2675 1282 2716 patrio
1303 2674 1370 2706 ritu
1390 2671 1572 2715 gestabant
1587 2673 1621 2705 in
1637 2672 1706 2705 Or·

1005 2727 1070 2768 giis
1085 2725 1235 2758 Bacchi?
1700 2729 1707 2737 ·
