1820 3068
193 196 307 240 ’988
723 208 766 239 P.
799 207 992 239 mmm(
1027 207 1193 240 srA'rn

218 304 329 358 Ipsa
349 315 484 358 super
503 303 662 344 nubem
684 303 792 345 ratis
814 306 1085 346 armamenta
1102 303 1309 357 Pelasgae

222 371 354 414 Sistit
374 384 538 424 agens:
570 371 672 412 inde
692 371 846 412 horror
865 371 1007 425 aquis,
1028 375 1072 413 et
1091 375 1247 426 raptus
1269 371 1326 412 ab
1348 370 1470 413 omni

222 439 329 481 Sole
349 438 462 488 dies,
483 439 644 479 miscet
666 439 883 489 tenebras,
904 439 1005 492 quis
1027 439 1229 492 protinus
1250 438 1373 480 unda
1601 436 1688 479 365

221 505 467 548 Concolor:
499 506 655 548 obnixi
675 506 874 548 lacerant
895 519 1008 548 cava
1024 506 1181 547 nubila
1198 507 1338 556 venti,

223 574 537 628 Diripiantque
556 574 740 616 fretum:
770 575 904 628 nigris
925 574 1037 616 redit
1056 575 1236 616 humida
1256 574 1390 616 tellus

220 642 502 693 Vorticibus,
522 647 752 697 totumque
774 643 912 685 Notis
933 643 1216 697 portantibus
1237 646 1390 697 aequor

221 710 406 761 Pendet,
424 714 470 753 et
490 716 671 764 aequato
687 711 783 765 jam
797 712 893 766 jam
913 723 1051 764 prope
1071 710 1217 752 sidera
1238 710 1373 752 dorso

223 779 474 833 Frangitur.
532 778 723 820 Incertae
738 779 834 834 jam
855 792 936 821 nec
957 779 1080 833 prior
1099 780 1292 832 impetus
1312 778 1428 828 alno,
1600 775 1686 818 370

221 846 313 888 Sed
331 846 471 897 labat,
493 850 717 888 extantem
739 847 896 888 rostris
917 846 1050 888 modo
1071 847 1242 900 gurgite
1262 846 1308 887 in
1327 846 1434 896 imo,

221 914 358 956 Nunc
380 913 496 955 coelo
517 913 703 955 Tritona
722 915 890 957 ferens:
920 927 1000 956 nec
1019 914 1181 955 robora
1200 917 1388 967 prosunt

220 981 475 1023 Semideum
497 980 695 1031 heroum,
715 995 1001 1036 puppemque
1022 982 1176 1023 insana
1196 980 1393 1034 flagellat

219 1047 396 1091 Arbor:
427 1053 472 1090 et
491 1049 689 1090 instabili
711 1051 1007 1103 procumbens
1028 1049 1220 1104 pondere
1240 1061 1404 1091 curvas

220 1115 395 1169 Raptat
414 1128 569 1170 aquas,
590 1116 784 1170 remique
806 1117 972 1158 cadunt
991 1118 1038 1158 in
1059 1121 1219 1171 pectus
1239 1117 1406 1158 inanes.
1600 1115 1688 1157 375

221 1182 322 1224 Nos
343 1195 526 1237 quoque
546 1196 625 1236 per
643 1196 791 1237 rupes,
807 1196 1119 1237 murorumque
1140 1196 1299 1238 aggere
1320 1185 1377 1225 ab
1401 1183 1538 1234 omni,

220 1250 343 1292 Dum
365 1251 493 1292 labor
510 1250 587 1292 ille
609 1251 730 1302 viris,
750 1251 952 1306 fretaque
973 1251 1271 1305 indignantur,
1291 1255 1337 1294 et
1356 1251 1525 1302 Austri,

219 1383 413 1411 armamenta
426 1380 518 1411 navis
533 1380 690 1420 Pelasgoe.
736 1380 816 1412 Inde
828 1380 922 1412 undis
936 1380 1049 1420 caligo,
1063 1384 1095 1412 et
1107 1382 1163 1413 lux
1177 1380 1237 1412 soli
1252 1380 1358 1412 ablata
1373 1378 1538 1418 confundit
1551 1377 1692 1416 umbras,

219 1421 331 1463 quibus
352 1424 464 1454 statim
487 1433 577 1464 aquoe
601 1424 819 1455 obscurantur.
868 1423 1072 1455 Obluctantes
1096 1424 1184 1455 venti
1207 1424 1387 1464 discerpunt
1410 1432 1503 1454 caras
1525 1419 1633 1461 nubes,
1658 1424 1702 1452 et>

219 1474 306 1496 mare
319 1469 466 1498 versant:
489 1468 559 1497 udoe
573 1476 679 1498 arenae
693 1466 892 1505 refodiuntur
907 1476 948 1498 ex
962 1467 1044 1498 atris
1054 1466 1252 1506 gurgitibus,
1274 1470 1305 1498 et
1319 1469 1418 1497 totum
1433 1475 1518 1496 mare
1529 1463 1689 1505 suspendi-

219 1509 273 1538 tur
287 1509 388 1539 ventis
402 1509 480 1540 illud
492 1509 753 1548 subvectantibus,
776 1512 808 1540 et
831 1509 896 1549 ejus
920 1509 1053 1540 culmine
1059 1509 1129 1548 jam
1136 1509 1207 1548 jam
1220 1510 1262 1540 aa
1275 1512 1363 1540 astra
1377 1507 1508 1543 sublato,
1522 1506 1690 1547 rumpitur.

218 1550 296 1580 Jam
319 1560 383 1582 non
405 1553 510 1583 eadem
535 1554 595 1590 cst,
621 1562 690 1592 quae
710 1552 810 1594 prius,
832 1553 978 1583 celeritas
1002 1553 1077 1583 navi
1102 1553 1248 1592 ancipiti,
1261 1552 1316 1583 sed
1330 1554 1435 1587 nutat,
1449 1559 1532 1582 nune
1547 1558 1691 1589 mergens

222 1592 358 1625 Tritona
380 1598 482 1625 rostro
506 1594 733 1634 prominentem
756 1595 791 1626 in
811 1593 985 1635 profundos
1008 1594 1154 1635 vortices,
1174 1603 1257 1626 nunc
1280 1594 1370 1626 illum
1391 1597 1526 1634 portans
1539 1601 1634 1633 usque
1648 1592 1690 1622 ad

218 1636 338 1667 coelum.
387 1637 453 1669 Nec
475 1637 561 1668 vires
584 1636 796 1668 Scmideorum
822 1637 965 1669 Heroum
989 1638 1152 1678 quicquam
1176 1637 1358 1678 prffciunt,
1383 1639 1415 1668 et
1436 1636 1535 1667 malus
1548 1635 1692 1674 agitatus

218 1688 304 1710 more
318 1679 471 1710 dementis
493 1679 639 1711 verberat
660 1690 808 1721 puppem,
832 1683 863 1711 et
876 1681 1028 1720 collapsus
1041 1680 1148 1711 mobili
1163 1681 1242 1725 mole
1258 1679 1360 1722 findit
1375 1679 1566 1710 dehiscentes
1579 1686 1689 1718 aquas,

219 1724 251 1751 et
265 1725 363 1753 tonsoe
379 1722 508 1753 inutiles
523 1723 672 1754 labuntur
685 1723 720 1754 in
743 1726 881 1764 pectora.
926 1723 997 1753 Nos
1011 1723 1107 1754 etiam
1130 1732 1188 1763 per
1205 1724 1355 1763 scopulos,
1377 1725 1409 1753 et
1433 1721 1473 1752 ab
1495 1721 1580 1752 omni
1599 1722 1693 1762 parte

188 1778 190 1780 ·
219 1765 378 1804 moeorium,
399 1766 475 1797 dum
488 1766 686 1806 Argonautae
699 1766 756 1798 hoc
773 1766 861 1798 modo
876 1765 1032 1805 laborant,
1056 1769 1089 1797 et
1113 1766 1188 1797 dum
1211 1765 1307 1797 undae
1331 1775 1369 1796 ac
1390 1764 1479 1796 veriti
1503 1763 1693 1803 amantur,

826 1850 864 1862 ‘O
868 1849 1046 1862 “NCM“
1050 1849 1067 1861 O

219 1915 298 1946 stel.
322 1915 477 1956 Cortynia
492 1914 526 1946 in
542 1914 867 1956 quibusdam—363
883 1915 893 1932 ‘
905 1914 1032 1946 Melior
1043 1914 1177 1956 positus
1194 1913 1378 1946 verborum
1390 1913 1426 1945 in
1442 1912 1574 1954 optimo
1584 1910 1691 1943 libro-

219 1967 316 1989 rum:
341 1957 417 1998 Ipsa
432 1957 512 1989 ratis
526 1958 636 1989 nubem
649 1968 756 1999 super,
770 1957 834 1998 &cl
857 1957 1090 1990 Barth.—365
1108 1958 1205 1989 Unus
1221 1958 1346 1989 Bebot.
1361 1956 1432 1997 quis
1445 1955 1592 1996 protinus
1605 1955 1691 1985 unda

218 2002 387 2032 est.—368
415 2000 590 2032 Vecticibus
605 2001 640 2032 in
657 2000 863 2042 quibusdam
879 2000 1042 2040 scriptis3
1070 2000 1250 2032 Vorticibus
1270 2003 1296 2031 t.
1318 1999 1364 2031 N.
1387 1997 1581 2030 certantibus
1601 2005 1688 2028 unus

220 2043 457 2075 Behot.-3⁷2
480 2044 631 2084 Nuncque
650 2045 714 2076 soto
734 2043 864 2076 Tritona
878 2052 964 2075 unus
981 2043 1311 2075 Bartbianus.—373
1334 2041 1476 2074 Behott.
1501 2043 1532 2072 1.
1558 2042 1591 2072 2.
1610 2048 1689 2082 pup-

876 2123 1021 2156 NOTAE

218 2188 315 2220 imbri
330 2188 407 2229 Ipsa
420 2198 512 2229 super
526 2188 646 2227 nubem,
659 2188 741 2220 ratis
755 2198 930 2221 armamen-
983 2188 1142 2231 diemque
1157 2189 1364 2220 Teucrorum
1381 2195 1425 2218 ex
1439 2185 1570 2218 oculis!

219 2243 255 2271 ta
269 2239 416 2278 Pelasga?
430 2238 525 2270 Sistit
535 2249 645 2278 agens,
656 2239 727 2280 bc]
750 2240 858 2270 Totus
874 2239 929 2270 bic
1027 2241 1090 2270 36⁷
1115 2238 1235 2278 Nigris
1247 2238 1332 2269 redit
1353 2237 1480 2269 humida
1502 2236 1593 2268 tellus
1613 2236 1690 2269 Vor-

219 2290 318 2322 locus
334 2290 558 2322 adumbratus
575 2300 618 2321 ex
635 2290 787 2322 Homero
803 2289 930 2331 Odyss.
983 2288 1111 2329 ticibus]
1133 2288 1256 2320 Arenae
1270 2297 1290 2319 a
1304 2285 1412 2319 fundo
1428 2286 1570 2322 avulsae,

220 2345 265 2374 M.
281 2340 329 2378 Δὴ
342 2340 416 2372 τότε
430 2340 562 2379 κυανέην
571 2340 708 2381 νεφέλην
717 2340 834 2379 ἔστησε
849 2345 928 2382 Κρο-
1026 2341 1090 2370 3⁷2
1115 2337 1262 2378 Tritona]
1284 2337 1424 2378 Insigne
1439 2336 1549 2369 navit.

220 2393 292 2424 νίων
304 2391 387 2431 Νηὸς
402 2391 477 2434 ὑπὲρ
484 2392 659 2434 γλαφυρῆς,
674 2391 800 2432 ἤχλυσε
812 2390 846 2422 δὲ
855 2389 930 2422 πόν-
1026 2391 1089 2422 373
1113 2388 1292 2422 Semideum
1305 2385 1448 2427 heroum]
1474 2385 1690 2426 Argonauta·

219 2455 276 2475 ror
290 2442 340 2474 ὑπ’
354 2441 460 2480 αὐτῆς.
983 2450 1071 2476 rum,
1087 2449 1230 2482 quorum
1257 2438 1414 2480 plerique
1439 2436 1500 2470 filii
1523 2437 1692 2478 Deorum,

263 2496 326 2526 363
343 2492 507 2534 Pelasgae]
522 2492 657 2525 Graecae
670 2501 730 2525 seu
743 2492 931 2526 Thessalae.
983 2494 1022 2522 ut
1038 2489 1196 2523 diximus.
1242 2486 1377 2528 Insano]
1398 2486 1603 2521 Insanientis
1618 2495 1690 2518 mo·

223 2545 267 2577 In
281 2544 464 2576 Thessalia
479 2542 570 2574 enim
584 2542 807 2584 Pelasgiotis,
832 2546 869 2574 et
884 2542 928 2574 si·
983 2551 1021 2573 re
1037 2541 1180 2582 agitata.

221 2604 285 2626 nus
298 2593 512 2634 Pelasgicus.
1024 2593 1088 2622 374
1109 2590 1235 2623 Arbor:
1271 2592 1303 2621 et
1317 2588 1469 2628 instabili,
1483 2587 1552 2628 ξω]
1575 2587 1691 2622 Malus

265 2647 328 2676 364
353 2644 480 2676 Horror
494 2642 596 2684 aquis,
613 2645 644 2674 et
663 2645 771 2685 raptus
785 2643 824 2674 ab
844 2643 929 2674 omni
984 2650 1094 2683 usque
1110 2641 1146 2672 in
1159 2639 1282 2672 fluetus
1296 2638 1510 2680 deprimitur,
1525 2638 1689 2672 inclinata

222 2697 293 2730 Sole
301 2696 381 2735 dies,
391 2696 499 2727 miscet
509 2694 664 2735 tenebras]
679 2694 845 2735 Virgilius
855 2694 931 2726 AEu.
984 2702 1085 2725 nave.

223 2758 251 2782 1.
275 2747 286 2767 ‘
299 2747 461 2789 Eripiunt
480 2746 594 2779 subito
610 2745 720 2778 nubes
737 2746 930 2789 coelumque
1027 2745 1090 2776 375
1114 2743 1155 2775 In
1167 2739 1291 2786 pectus]
1313 2740 1455 2784 Supple‚
1472 2740 1647 2786 remigum-

1810 2096 1820 2103 ι
1812 2052 1820 2076 ..·
1804 1723 1820 2039 ῑ-ἉΨ-ίᾰέηό-ιι-ρῂηκιιῡῑι»,
1807 1684 1820 1691 ’,
1817 1656 1820 1666 ,,
1815 1605 1820 1610 ,
