1820 3068
369 572 472 648 P.
557 569 949 648 PAPIN
963 570 1071 648 II
1152 570 1557 649 STATII

614 761 1312 823 THEBAIDOS

807 946 1029 996 LIBER
1064 947 1132 996 V·

778 1276 955 1310 ARGUM
967 1278 1157 1309 ENTUM.

229 1345 425 1381 Eri-mcvi
439 1347 507 1390 siti,
521 1348 602 1381 dum
618 1349 793 1382 exercitus
807 1349 955 1392 Argivus
972 1349 1036 1383 viae
1060 1360 1097 1382 se
1118 1347 1316 1391 committit,
1334 1346 1508 1382 Adrastus
1523 1345 1700 1389 Hypsipy-

272 1400 328 1433 len
345 1407 446 1444 rogat
466 1413 604 1444 nomen,
628 1404 787 1445 patriam,
808 1403 999 1445 fortunam,
1021 1414 1062 1436 ac
1078 1413 1197 1446 genus.
1239 1402 1308 1436 Illa
1327 1406 1451 1435 moesto
1465 1401 1562 1434 vultu
1578 1405 1617 1433 et
1634 1409 1701 1432 sna

271 1455 413 1487 vulnera
436 1456 599 1488 refricare
616 1467 706 1498 aegre
721 1457 865 1498 habens,
879 1458 998 1499 paucis
1015 1462 1052 1490 et
1075 1456 1362 1491 obscurisverbis
1377 1456 1531 1499 loquitur
1544 1454 1588 1487 de
1602 1455 1702 1487 Lem-

271 1517 331 1549 no,
345 1512 382 1541 et
397 1509 441 1541 de
456 1510 650 1552 promiscua
665 1510 814 1543 omnium
830 1511 972 1544 marium
992 1511 1091 1544 caede
1109 1521 1130 1543 a
1146 1509 1388 1544 Lemniadibus
1402 1508 1519 1549 factm
1545 1517 1582 1542 ne
1598 1507 1702 1549 Hyp·

270 1562 404 1604 sipylen
419 1573 508 1604 esse,
522 1574 599 1606 quae
615 1570 753 1607 patrem
775 1565 967 1598 Thoantem
989 1565 1091 1607 hujus
1117 1565 1237 1597 insulae
1263 1573 1380 1606 regem
1404 1563 1448 1595 ab
1470 1562 1535 1595 bac
1559 1559 1701 1594 inmani

270 1615 368 1647 caede
382 1618 592 1650 servaverit:
617 1623 655 1651 et
680 1623 763 1651 tunc
785 1619 878 1659 apud
895 1618 1092 1661 Lycurgum
1113 1618 1318 1651 servitutem
1344 1616 1487 1650 nervine.
1532 1614 1702 1648 Adrastus

273 1669 401 1711 aliique
417 1670 536 1711 duces,
560 1675 658 1704 tanta
674 1672 801 1704 virtute
816 1677 852 1704 et
868 1671 1018 1705 fortunae
1035 1672 1230 1705 mutatione
1244 1670 1419 1711 commoti,
1430 1669 1562 1711 majore
1585 1667 1702 1701 studio

271 1723 365 1756 illam
380 1729 494 1766 orant,
509 1730 547 1758 ut
562 1725 622 1758 lios
638 1735 738 1758 casus
752 1726 836 1768 ipsis
851 1730 1000 1758 enarret.
1043 1726 1202 1759 Tandem
1223 1726 1344 1757 horum
1361 1723 1453 1757 victa
1467 1721 1628 1765 precibus
1641 1731 1703 1754 ex-

272 1778 372 1819 ponit
386 1782 494 1811 totam
519 1779 661 1812 istiusce
684 1779 933 1812 crudelissimae
957 1779 1083 1821 stragis
1099 1783 1135 1812 et
1151 1788 1288 1811 suarum
1304 1777 1541 1810 calamitatum
1556 1775 1703 1814 εει-ἥρως

271 1839 348 1872 quae
371 1836 422 1863 est
448 1831 638 1873 ejusmodi:
669 1833 786 1865 Venus
802 1832 950 1864 Lemniis
966 1833 1119 1875 graviter
1134 1831 1282 1873 infensa,
1307 1830 1400 1873 quod
1421 1830 1533 1862 nullas
1552 1829 1588 1862 ei
1608 1837 1704 1869 aras,

270 1884 431 1926 nullaque
458 1886 588 1927 templa
611 1886 919 1927 consecravissent,
943 1887 1056 1919 locum
1082 1886 1245 1919 vindictae
1273 1893 1442 1928 quaerens,
1467 1886 1601 1916 tantum
1621 1882 1705 1915 viris

270 1942 483 1970 contemtum
508 1940 543 1971 in
563 1949 688 1972 uxores
715 1939 873 1982 inspirat,
896 1944 935 1973 ut
952 1950 1016 1982 per
1032 1947 1101 1973 tres
1118 1950 1237 1977 annos,
1256 1938 1381 1982 quibus
1395 1939 1543 1982 patriam
1558 1937 1703 1980 relique-

272 1995 363 2032 rant,
390 1991 517 2025 benum
543 1993 735 2026 Thracibus
758 1994 900 2035 illaturi,
921 1995 1052 2027 nullum
1076 1995 1119 2027 ad
1146 2004 1205 2026 eas
1232 1993 1390 2026 nuntium
1418 1992 1556 2024 mittere
1571 1990 1702 2033 dignati

271 2044 351 2076 sint.
397 2045 612 2089 Unaquaque
633 2057 750 2081 earum
765 2049 829 2081 hoc
845 2059 1013 2093 perquam
1028 2049 1146 2091 iniquo
1162 2048 1274 2080 animo
1291 2047 1441 2083 ferente,
1466 2045 1598 2088 Polyxo
1615 2054 1701 2077 anus

269 2098 425 2140 Lemnia,
446 2100 560 2133 subito
576 2100 694 2134 furore
710 2111 730 2134 a
744 2103 884 2136 Venere
902 2104 1052 2136 immisso
1075 2102 1224 2145 percita,
1245 2101 1346 2134 domo
1361 2099 1525 2142 erumpit,
1540 2097 1702 2141 pulsatis-

270 2162 336 2194 que
352 2153 478 2186 aedium
492 2153 623 2188 foribus
639 2156 820 2190 concilium
836 2158 1018 2191 mulierum
1041 2161 1222 2190 convocat.
1267 2155 1313 2187 In
1341 2155 1513 2196 templum
1528 2153 1701 2185 Minervae

270 2207 491 2241 conveniunt.
537 2209 591 2241 Ibi
608 2210 755 2252 Polyxo,
769 2212 892 2245 stricto
906 2222 1002 2250 ense,
1028 2209 1251 2244 atrocissimis
1272 2209 1387 2242 verbis
1411 2211 1596 2249 exaggerat
1612 2206 1703 2248 inju-

271 2259 370 2296 riam,
387 2271 488 2303 quam
504 2271 524 2294 a
536 2263 667 2295 maritis
685 2264 910 2307 recipiebant,
928 2267 1074 2308 illasque
1094 2265 1309 2304 exhortatur,
1324 2266 1362 2295 ut
1373 2270 1433 2294 eos
1448 2270 1618 2300 reversos,
1630 2269 1703 2293 om·

272 2322 402 2356 nesque
419 2315 558 2348 omniuo
575 2326 698 2358 mares,
713 2318 961 2361 cujuscumque
977 2319 1092 2352 forent
1117 2317 1241 2358 aetatis,
1259 2315 1476 2358 jugularent.
1519 2314 1605 2348 eum
1627 2313 1704 2348 haee

271 2366 419 2408 intonat,
441 2376 522 2400 ecce
544 2370 623 2401 vela
635 2369 674 2401 in
693 2371 778 2403 mari
794 2377 976 2414 apparent.
1021 2372 1149 2405 Classis
1164 2374 1243 2403 erat
1259 2369 1478 2402 Lemniorum
1494 2367 1633 2401 domum
1648 2375 1703 2400 re-

272 2419 464 2452 deuntium.
519 2422 704 2454 Exclamat
732 2425 881 2466 Polyxo,
909 2425 1113 2467 capiendam
1143 2424 1376 2463 occasionem,
1400 2431 1544 2464 superos
1576 2419 1701 2462 coeptis

271 2472 443 2514 faventes,
464 2475 604 2507 maritos
618 2476 651 2508 in
667 2477 817 2519 ipsarum
834 2489 951 2511 manus
973 2479 1124 2519 tradere,
1141 2478 1316 2510 Venerem
1333 2476 1399 2508 sibi
1413 2475 1627 2517 apparuisse,
1642 2483 1703 2506 eu-

272 2537 356 2568 sem,
370 2537 470 2569 quem
489 2529 642 2570 tenebat,
656 2531 803 2574 dedisse,
825 2543 865 2565 ac
891 2533 1079 2575 pollicitam
1101 2532 1210 2564 fuisse
1233 2540 1271 2562 se
1295 2539 1357 2571 pro
1371 2529 1437 2570 his,
1453 2538 1536 2570 quos
1550 2538 1570 2560 e
1588 2525 1701 2559 medio

273 2581 450 2622 tollerent,
464 2583 624 2615 meliores
640 2586 724 2617 alios
740 2595 780 2618 ac
798 2588 967 2627 gratiores
984 2588 1152 2619 daturam.
1196 2586 1242 2616 Et
1258 2588 1295 2615 ut
1316 2583 1392 2615 illas
1416 2582 1526 2622 magis
1543 2579 1703 2612 incende-

273 2639 339 2674 ret,
355 2634 450 2667 addit
463 2636 603 2668 maritos
619 2637 704 2670 alias
724 2649 848 2671 uxores
866 2640 899 2671 in
916 2640 1063 2672 Thracia
1079 2639 1231 2678 duxisse,
1241 2646 1326 2679 quas
1337 2644 1452 2667 aecum
1467 2632 1583 2664 forsan
1599 2631 1704 2664 adve-

273 2685 408 2719 herent.
455 2688 522 2720 I-lis
541 2690 653 2722 verbis
675 2691 710 2723 iu
727 2693 858 2725 rabiem
875 2703 982 2726 versae
999 2692 1215 2731 Lemniades,
1225 2691 1347 2732 jurant
1362 2696 1467 2729 supra
1489 2685 1703 2718 immolatum

275 2749 432 2782 puerum,
448 2751 548 2784 quem
565 2753 630 2776 nna
654 2754 698 2776 ex
723 2746 763 2778 iis
792 2749 1013 2780 mactandum
1040 2747 1228 2781 obtulerat,
1255 2753 1292 2775 se
1318 2746 1386 2774 tam
1411 2740 1558 2772 immane
1573 2738 1704 2773 facinus

275 2798 485 2836 patraturas.
532 2797 664 2830 Lemnii
681 2801 798 2841 specie
811 2801 900 2834 bene
916 2801 1135 2844 accipiuntur
1151 2810 1162 2840 3
1177 2806 1307 2837 verum,
1324 2797 1427 2827 nocte
1438 2793 1511 2835 jam
1524 2797 1704 2836 provecta.
