1820 3068
247 253 334 297 9:32
746 263 787 293 Ρ.
820 261 1012 293 minuit
1047 261 1213 294 srA‘ru

248 358 454 402 Necdum
474 357 748 413 compositas
767 356 874 400 belli
894 357 940 400 in
961 358 1201 401 certamina
1221 356 1426 411 Thebas3

250 427 510 470 Concussus
532 427 655 475 visis,
675 438 930 480 quanquam
950 439 1026 468 ore
1047 430 1091 469 et
1109 430 1289 481 pectore
1309 431 1492 477 marcet,

247 495 460 549 AEraque,
481 501 799 549 tympanaque,
816 497 861 535 et
879 494 1067 536 biforem
1086 493 1268 537 reticere
1288 494 1524 537 tumultum

247 562 462 616 Imperat,
485 561 699 604 attonitas
721 561 799 615 qui
820 560 987 603 circum
1003 562 1220 616 plurimus
1242 575 1383 604 aures.

247 629 400 684 Atque
413 621 503 672 ita:
525 630 602 672 Me
617 642 775 671 manus
792 630 895 681 ista,
913 642 1146 685 meamque
1163 630 1425 672 exscindere
1440 632 1611 684 gentem
1629 629 1716 673 670

246 697 482 753 Apparat:
515 702 562 739 et
578 697 708 751 longe
725 697 893 739 recalet
911 698 1055 740 furor:
1086 698 1170 740 hoc
1190 698 1297 740 mihi
1317 711 1488 742 saevum

246 765 393 819 Argos
414 769 459 808 et
478 765 707 808 indomitae
728 765 893 807 bellum
914 765 1002 808 ciet
1021 765 1087 808 ira
1107 778 1328 810 novercae.

250 832 409 889 Usque
431 833 603 876 adeone
624 846 781 888 parum
803 834 936 876 cineri
958 834 1062 876 data
1082 838 1223 876 mater
1241 834 1428 889 iniquo?

248 902 531 955 Natalesque
551 902 645 955 rogi
661 902 681 942 ‘l
713 914 907 956 quaeque
930 903 1028 957 ipse
1048 902 1260 945 micantia
1278 903 1398 945 sensi

249 970 479 1024 Fulgura?
510 969 726 1024 reliquias
748 970 901 1020 etiam,
926 970 1131 1025 fusaeque
1152 971 1402 1026 sepulcrum
1628 972 1717 1015 675

247 1038 452 1089 Pellicis‚
470 1040 512 1079 et
530 1036 724 1079 residem
744 1038 858 1080 ferro
879 1038 995 1093 petit
1014 1039 1218 1094 improba
1238 1037 1438 1082 Theben.

245 1170 417 1203 certamina
429 1181 442 1209 ;
464 1174 633 1203 commotus
647 1170 703 1203 hoc
717 1171 902 1212 spectaculo,
915 1180 1091 1212 quanquam
1103 1181 1155 1203 ore
1168 1175 1201 1203 et
1213 1175 1336 1213 pectore
1349 1174 1510 1213 langueat,
1523 1171 1616 1213 jubet
1627 1171 1719 1204 silere

247 1214 401 1255 cymbala,
425 1217 455 1246 et
481 1218 644 1256 tympana,
671 1218 703 1246 et
723 1214 890 1255 strepitum
914 1214 1109 1246 dissonarum
1133 1215 1295 1255 tibiarum,
1317 1216 1371 1257 qui
1385 1218 1516 1248 multum
1529 1215 1717 1248 obtundebat

246 1257 439 1297 stupefactas
453 1267 554 1297 aures,
576 1261 670 1298 atque
683 1257 732 1289 ita
748 1257 896 1298 loquitur.
940 1257 1009 1289 Iste
1022 1258 1178 1290 exercitus
1191 1259 1362 1291 meditatur
1376 1259 1476 1291 delere
1490 1269 1550 1299 me,
1570 1261 1601 1290 et
1617 1267 1717 1292 meum

243 1301 403 1340 populum,
419 1304 450 1331 et
465 1300 568 1332 rabies
582 1311 622 1332 ex
636 1302 727 1340 longo
740 1299 954 1332 recrudescit:
975 1302 1099 1332 crudele
1111 1302 1229 1341 Argos,
1240 1304 1271 1333 et
1284 1301 1430 1334 simultas
1442 1301 1649 1342 implacabilis
1662 1310 1718 1331 no-

246 1351 346 1373 rercae
360 1346 461 1374 movet
476 1343 555 1375 mihi
568 1343 625 1374 Ιιοι·
644 1343 765 1374 bellum.
809 1343 902 1375 Anne
925 1353 1038 1384 parum
1060 1347 1120 1384 est,
1142 1345 1222 1385 quod
1246 1354 1360 1384 parens
1386 1354 1451 1376 mea
1469 1344 1539 1384 suit
1562 1347 1668 1377 coacta
1682 1343 1718 1374 in

246 1385 403 1426 malignos
416 1386 557 1418 cineres?
577 1387 716 1436 quodque
731 1389 825 1418 natus
849 1395 917 1417 sum
938 1385 1022 1417 inter
1046 1386 1148 1428 ignee,
1169 1390 1201 1418 et
1215 1387 1351 1427 fulgura
1364 1387 1543 1427 fulgentia,
1567 1396 1636 1428 quoe
1651 1386 1718 1427 ipse

246 1429 338 1462 sensi.
383 1429 497 1470 Iniqua
511 1429 609 1461 armis
622 1429 810 1470 aggreditur
837 1429 933 1461 etiam
957 1429 1117 1470 reliquias,
1141 1433 1172 1462 et
1196 1430 1348 1462 tumulum
1370 1433 1514 1462 crematae
1528 1429 1717 1467 concubium

864 1523 1102 1536 eeeeeeeeee

251 1589 404 1621 Nemeam
418 1589 629 1632 effervescere.
634 1593 740 1624 -670
763 1590 805 1622 In
823 1590 944 1622 eodem
958 1590 1099 1622 codice.
1091 1600 1100 1607 ·
1123 1590 1235 1630 globus
1247 1590 1308 1622 iste
1322 1599 1492 1631 meamque.
1494 1592 1600 1623 -671
1628 1590 1719 1623 Gro-

246 1633 368 1664 novius
384 1643 428 1664 ex
443 1633 645 1675 quibusdam
662 1633 764 1666 codd.
780 1634 899 1666 malit:
928 1644 968 1665 ex
993 1634 1086 1674 longo
1113 1634 1239 1666 recalet.
1243 1635 1348 1665 —676
1377 1633 1504 1666 Jortin.
1528 1633 1619 1675 conj.
1643 1634 1717 1665 reli-

247 1675 337 1715 quius
372 1676 467 1708 etiam
496 1676 703 1717 ambusta-que
732 1678 915 1718 sepulcrum.
918 1679 1026 1708 -677
1059 1677 1146 1708 Dan.
1188 1677 1271 1708 Put.
1309 1676 1434 1708 Petav.
1470 1676 1579 1717 Lang.
1615 1676 1718 1708 Laur.

248 1718 319 1749 Bus
324 1718 382 1751 lid.
412 1719 563 1760 Lipsian.
598 1729 685 1750 unus
717 1719 842 1752 Behot.
880 1719 1034 1751 nonnulli
1065 1719 1259 1758 Barthiani,
1293 1719 1435 1751 Venett.
1475 1719 1575 1752 Rom.
1611 1717 1719 1751 Aldd.

249 1761 361 1792 Coliu.
388 1761 464 1803 Gry
469 1762 525 1803 p.h
555 1763 807 1794 Basi1.P1aut.
833 1762 980 1794 Gevart.
1004 1762 1164 1794 Grasser.
1193 1761 1424 1802 Lindenbrog.
1442 1761 1552 1794 Cruc.
1573 1765 1609 1792 et
1635 1760 1718 1793 Am-

185 1831 187 1834 .
249 1804 327 1835 stel.
354 1772 472 1836 residez
469 1772 516 1843 pf.
540 1815 576 1846 p.
607 1805 631 1837 i.
662 1805 808 1842 Theba-n·
840 1806 930 1837 alter
953 1805 1077 1836 Behot.
1108 1815 1195 1837 unus
1221 1804 1480 1844 Lindenbrogii,
1508 1809 1545 1837 et
1574 1805 1717 1846 optimae

247 1846 383 1878 Barthii
398 1848 630 1880 membranae:
652 1848 786 1880 residem
804 1847 837 1887 f.
851 1859 882 1889 p.
895 1848 919 1880 ἱ.
936 1848 1084 1886 Τὴεὸεη,·
1112 1849 1162 1880 ila
1185 1857 1320 1889 quoque
1343 1857 1386 1879 ex
1410 1847 1478 1878 suis
1493 1847 1595 1879 codd.
1618 1847 1718 1879 resti-

248 1889 317 1922 tuit
339 1890 548 1931 Gronovius,
573 1901 720 1933 eumque
747 1893 858 1923 secuti
887 1896 969 1923 sunt
994 1891 1115 1923 Barth.
1143 1891 1252 1923 Veen.
1283 1895 1319 1923 et
1353 1890 1479 1931 Delph.
1518 1890 1650 1922 Thebem
1682 1891 1717 1922 in

909 1987 1054 2020 NOTAE

283 2063 349 2093 668
366 2062 516 2103 AEraque,
530 2062 752 2104 tympanaque]
769 2062 857 2094 Haec
870 2063 958 2095 Bac·
1014 2061 1169 2094 simultas
1195 2066 1299 2104 atque
1321 2061 1437 2094 odium
1457 2070 1615 2094 novercae
1636 2070 1719 2103 erga

248 2113 389 2145 charum
403 2113 677 2145 instrumentain
691 2113 796 2145 sacris
809 2113 958 2155 Cybeles
1013 2124 1067 2147 me
1091 2114 1318 2147 recrudescit.
1359 2113 1486 2146 Saevum
1508 2114 1631 2156 Argos]
1651 2114 1719 2146 Ar·

249 2164 382 2196 usitata
409 2164 515 2196 etiam
545 2167 654 2203 erant,
683 2167 720 2195 ut
746 2163 838 2204 apud
858 2164 957 2204 Virg.
1014 2175 1074 2206 gos
1099 2166 1133 2197 in
1156 2164 1319 2206 singulari
1334 2165 1491 2197 neutrius
1508 2170 1560 2198 est
1574 2165 1720 2206 generis.

248 2216 327 2247 AEn.
353 2224 408 2247 ix.
454 2215 524 2247 Per
549 2225 614 2246 oera
640 2223 774 2255 expone
802 2213 960 2255 cymbala
1015 2216 1064 2247 Ut
1093 2216 1199 2248 etiam
1224 2215 1408 2248 Horatius:
1444 2215 1596 2257 ‘Aptum
1626 2215 1719 2249 dicet

249 2267 305 2298 vel
332 2266 574 2298 tintinnabula.
619 2265 708 2297 Usus
733 2268 846 2297 autem
875 2270 959 2306 tym-
1014 2266 1112 2308 equis
1130 2265 1268 2308 Argos.'

250 2318 331 2359 pani
367 2317 402 2348 in
432 2317 605 2358 plerisque
633 2316 751 2356 sacris,
787 2320 825 2347 ut
855 2315 959 2347 docet
1054 2319 1119 2348 672
1142 2316 1312 2348 Indomitae
1337 2316 1493 2358 noverca]
1514 2315 1557 2349 Id
1573 2321 1639 2359 est,
1654 2317 1719 2351 Ju-

249 2366 497 2408 Aristophanes
513 2367 548 2398 in
567 2366 771 2408 Lysistrata.
810 2365 956 2403 Biforem
1011 2367 1121 2407 nonis,
1144 2377 1221 2410 quae
1248 2367 1362 2399 nothis
1380 2367 1477 2400 Jovis
1504 2377 1642 2410 semper
1657 2368 1719 2400 im-

248 2417 431 2458 tumultum]
457 2417 677 2457 Dissimilem,
693 2416 889 2448 dissonum:
917 2415 958 2447 ti·
1012 2417 1190 2459 placabilis
1206 2422 1294 2450 erat.

250 2466 317 2499 biae
334 2468 422 2499 enim
440 2476 508 2498 non
529 2467 603 2508 pari
619 2466 851 2498 modulatione
866 2475 957 2498 com·
1054 2469 1118 2499 673
1147 2467 1251 2507 Usque
1264 2468 1380 2499 adeone
1401 2476 1514 2507 parum
1527 2466 1627 2500 cineri
1640 2467 1718 2499 dala

250 2518 383 2558 positae.
427 2518 520 2549 Usus
549 2516 654 2549 etiam
679 2516 863 2549 tibiarum
855 2526 891 2571 in
905 2526 958 2548 sa·
1012 2521 1113 2550 mater
1135 2517 1256 2558 iniquo]
1280 2517 1408 2559 Tangit
1429 2517 1578 2550 fabulam
1601 2517 1716 2550 Seme-

251 2567 318 2599 cris
334 2567 476 2600 Bacchi.
1011 2568 1075 2604 les,
1091 2578 1167 2609 quae
1183 2567 1327 2599 fulmine
1340 2577 1503 2609 pereussa
1517 2571 1581 2599 est.

292 2621 355 2650 671
381 2619 426 2650 Et
447 2620 539 2658 longe
557 2615 790 2658 recaletsuror]
810 2615 833 2649 J
837 2625 956 2648 uuoms
1055 2620 1119 2650 674
1136 2618 1328 2659 Natalesque
1339 2616 1424 2659 rog-i]
1440 2618 1480 2649 In
1494 2616 1613 2650 mediis
1624 2618 1714 2651 enim

251 2668 385 2700 scilicet
410 2677 569 2700 novercae
594 2668 629 2699 in
650 2666 732 2700 milii
753 2676 890 2708 semper
907 2667 957 2699 in·
1011 2666 1167 2708 flammis,
1180 2668 1304 2710 quibus
1315 2667 1460 2699 ardebat
1471 2666 1718 2706 Seme1e‚Bac·

250 2718 362 2749 t'estae.
409 2718 603 2750 Gronovius
620 2718 654 2749 in
675 2717 847 2750 nonnullis
863 2717 957 2749 codi·
1014 2719 1098 2751 chus
1125 2723 1302 2751 extractus
1332 2722 1384 2749 est
1411 2723 1509 2750 utero
1538 2723 1715 2753 materno:

250 2767 347 2800 cibus
363 2769 505 2809 reperiit
521 2780 529 2801 ε
553 2778 594 2800 ex
618 2770 723 2809 longo.
769 2767 870 2801 Quod
892 2766 958 2799 for·
1013 2771 1103 2802 unde
1118 2770 1239 2802 natales
1254 2768 1338 2810 rogi.

252 2823 343 2851 tasse
367 2829 434 2851 uon
457 2819 731 2861 improbandum.
774 2820 882 2852 Vetus
900 2819 958 2851 illa
1053 2824 1118 2853 676
1141 2819 1286 2861 Pellicis]
1309 2818 1470 2852 Semeles.

1812 2133 1817 2148 -‹
1799 1901 1820 2111 „suffer-mm.
1807 1862 1820 1890 ..μ
1807 1806 1820 1853 ,622
1812 1789 1820 1797 .
1810 1763 1820 1770 Α.
