1820 3068
239 221 326 266 ¹736
736 235 777 268 Ρ.
810 236 1003 270 ΡΑνιΝιι
1037 237 1202 271 STATn

238 330 400 374 Exulis
423 343 535 373 ausa
555 330 679 373 vias:
716 333 850 374 ctiam
873 333 986 376 hanc
1006 335 1052 375 in
1071 335 1221 377 limine
1243 337 1409 392 primo

238 399 470 454 Liquerat,
492 401 536 440 et
554 411 715 452 magna
734 400 955 455 lacrymas
975 402 1215 445 incluserat
1234 400 1310 446 ira.

235 466 365 509 Tunc
385 479 502 520 quos
522 466 746 509 excedens
765 468 942 520 hilareS,
965 471 1065 524 quis
1086 473 1234 513 cultus
1249 472 1388 527 iniqui

236 533 506 587 Praecipuus
525 532 671 585 ducis,
692 538 735 576 et
755 535 1081 591 profugo-quos
1101 538 1202 593 ipse
1221 543 1398 583 notarat

237 600 517 655 Ingemuisse
538 601 642 652 sibi,
664 615 743 656 per
762 607 939 646 noctem
957 617 1011 646 ac
1032 605 1132 646 luce
1149 606 1234 647 sub
1256 607 1378 648 omni

237 669 427 723 Digerit.
469 668 667 711 Exedere
686 671 878 715 animum
899 671 1028 713 dolor
1047 671 1204 726 iraque
1221 672 1416 724 demens,

237 736 311 787 Et,
333 749 422 791 qua
439 749 528 778 non
548 738 722 790 gravior
740 739 1003 782 mortalibus
1023 739 1177 783 addita
1198 752 1320 790 cura,

237 804 368 859 Spes,
389 804 469 846 ubi
486 804 617 858 longa
635 805 772 847 venit.
820 806 979 848 Talem
999 806 1082 848 sub
1102 810 1283 860 pectore
1302 807 1463 848 nubem

237 872 442 915 Consilio
461 872 663 923 volvem,
685 873 850 915 Dircen
873 873 1119 927 Cadmique
1137 879 1320 928 negatas

235 939 446 995 Apparat
461 940 524 981 ire
544 937 725 983 domos:
756 942 889 983 veluti
910 941 1004 983 dux
1021 945 1188 992 taurus,
1210 946 1359 995 amata

234 1006 370 1050 Valle
388 1019 556 1058 carenS,
576 1007 758 1062 pulsum
778 1008 913 1051 solito
933 1021 1066 1063 quem
1088 1009 1280 1063 gramine
1301 1010 1444 1053 victor

234 1073 266 1116 J
270 1075 383 1117 ussit
401 1075 460 1117 ab
479 1081 632 1130 erepta
649 1076 781 1130 longe
801 1077 967 1131 mugire
981 1076 1203 1132 juvenca:

237 1141 350 1186 Cum
369 1142 560 1197 profugo
582 1142 795 1197 placuere
817 1145 916 1195 tori,
937 1144 1178 1199 cervixque
1197 1142 1382 1199 recepto

235 1209 463 1264 Sanguine
481 1222 641 1265 magna
659 1210 789 1261 redit,
809 1211 1053 1268 fractaeque
1071 1212 1118 1253 in
1139 1217 1325 1267 pectora
1339 1212 1479 1255 vires:

1615 404 1702 448 315

1615 699 1702 787 πο

226 1329 346 1367 ficisset
357 1328 502 1371 prosequi
512 1328 660 1361 euntem
646 1339 681 1360 tn
694 1332 837 1361 moestum
850 1329 995 1370 exilium,
1005 1330 1087 1362 hunc
1101 1330 1196 1362 etiam
1210 1331 1413 1364 deseruerat·
1401 1342 1436 1363 m
1445 1331 1705 1374 primissorilms,

234 1375 266 1403 et
282 1372 335 1403 ille
349 1372 447 1403 nimia
461 1371 679 1412 indignatione
693 1373 986 1414 retinueratfletus.
1026 1373 1114 1405 Tunc
1127 1373 1231 1405 animo
1243 1375 1375 1406 revolvit
1389 1375 1445 1406 diu
1468 1378 1619 1416 noctuque
1631 1376 1704 1408 illos

234 1424 310 1455 quos
323 1414 484 1447 discedens
497 1415 761 1447 animadverterat
778 1416 878 1455 laetos,
902 1416 1014 1456 quibus
1035 1419 1103 1447 erat
1127 1417 1285 1457 precipua
1303 1417 1499 1449 observantia
1512 1427 1590 1457 erga
1603 1417 1701 1457 injus-

227 1461 303 1490 sum
317 1467 437 1497 regem,
458 1461 491 1490 et
505 1467 556 1489 eos
577 1458 631 1499 qui
645 1467 700 1489 suo
714 1458 811 1490 exilio
833 1458 1044 1490 indoluerant.
1089 1459 1286 1491 Excruciant
1310 1459 1377 1498 q'us
1400 1460 1539 1492 aninam·
1558 1461 1648 1492 dolor
1669 1464 1701 1493 et

235 1510 351 1532 vesana
365 1500 467 1538 ultim·
490 1504 534 1539 et,
549 1510 609 1542 quo
623 1502 744 1532 nullum
756 1501 897 1532 acerbius
907 1505 1097 1533 tormentum
1111 1501 1229 1533 homini
1242 1503 1362 1544 datum,
1375 1512 1446 1544 spes
1458 1503 1575 1534 dilata.
1609 1503 1702 1535 Tales

232 1552 364 1575 versans
377 1544 411 1575 in
427 1544 518 1574 corde
532 1544 758 1583 cogitationum
771 1547 878 1584 aestus,
891 1544 1031 1575 destinat
1045 1544 1164 1576 Dircen
1176 1547 1294 1585 petere,
1314 1549 1345 1576 ee
1359 1545 1480 1585 regiam
1493 1545 1617 1584 cadmi,
1630 1555 1701 1586 quoe

234 1585 296 1617 sibi
309 1586 532 1626 denegabatur.
582 1587 625 1618 Ul
642 1590 745 1618 rector
764 1590 874 1618 taurus
896 1588 1042 1627 expulsus
1057 1596 1074 1618 e
1089 1587 1202 1618 dilecta
1215 1588 1308 1628 valle,
1326 1597 1416 1628 quem
1430 1588 1530 1619 viceor
1541 1588 1629 1628 cogit
1642 1588 1702 1626 fn-

232 1632 346 1668 galum
359 1639 380 1660 a
394 1629 484 1661 solito
496 1633 588 1670 prato
609 1629 734 1669 mugire
743 1630 854 1670 procul
867 1629 906 1660 ab
921 1630 1044 1660 ademta
1065 1639 1177 1661 vacca.-
1200 1632 1236 1661 ut
1247 1630 1368 1662 exulem
1389 1631 1605 1662 exhilarans-e
1618 1640 1703 1662 nurs-

233 1672 309 1709 culi‚
322 1675 352 1704 et
366 1672 478 1712 ingens
490 1673 604 1704 collum
618 1682 696 1704 novo
708 1673 863 1712 sanguine
876 1671 1029 1710 resectum
1043 1675 1100 1713 est,
1121 1675 1151 1704 et
1167 1673 1421 1712 redeuntsmotoe
1434 1674 1519 1705 vires
1532 1674 1566 1704 in
1576 1677 1700 1714 pectus.-

1375 1740 1382 1758 Ι

850 1767 869 1780 e

1073 1766 1093 1779 0

235 1827 293 1868 Op
296 1828 389 1860 timae
405 1827 542 1865 Barthii
564 1828 773 1862 membranae
789 1833 826 1862 et
839 1829 924 1862 Put.
938 1828 1048 1861 addita
1067 1829 1175 1867 curis,-
1197 1832 1233 1861 et
1255 1828 1304 1861 sic
1324 1828 1411 1870 legit
1425 1829 1468 1862 P.
1484 1829 1699 1863 Burmannus

235 1838 293 1903 udp
297 1870 402 1903 Ovid.
418 1872 472 1912 Ep
476 1871 532 1903 ist.
546 1880 587 1904 ιι.
601 1874 635 1903 9.
638 1874 746 1904 —322
768 1873 778 1891 ‘
795 1873 874 1904 Non
897 1872 1019 1904 dubito
1041 1872 1205 1904 mendosa
1229 1881 1304 1904 esse
1321 1872 1395 1904 haec
1412 1871 1537 1905 verba:
1562 1872 1700 1913 Consilio

232 1914 371 1946 volvens.
416 1914 526 1956 Legas
552 1915 703 1955 evolvens,
717 1915 833 1948 omnia
861 1919 962 1946 erunt
986 1919 1119 1955 parata.
1161 1915 1292 1947 Tamen
1317 1915 1474 1965 apprime
1495 1914 1617 1946 durum
1641 1915 1700 1947 ob-

233 1966 439 1997 scurumque
461 1957 505 1988 sit
527 1957 696 1990 hocloco.
739 1957 808 1989 Sed
830 1967 907 1989 meo
923 1957 1034 1989 animo
1053 1957 1194 2007 scripsit
1213 1957 1449 1990 ornatissimus
1464 1962 1582 1988 vates:
1605 1958 1701 1989 talem

234 1998 426 2040 subpectore
440 1999 553 2031 nubem
570 2000 710 2031 Consilio
729 2001 860 2040 solvens,
874 2002 929 2041 ᾃτ.
948 2009 1024 2048 quae
1050 2005 1105 2031 est
1130 2001 1204 2040 ipsa
1228 2000 1277 2031 rei
1294 1999 1442 2032 veritas!
1458 2000 1578 2031 Barth.
1623 2000 1698 2049 Op-

235 2043 321 2074 timo
347 2041 405 2073 illo
431 2047 468 2073 et
493 2041 677 2083 grandibus
702 2043 812 2075 literis
838 2047 979 2074 exarato
1003 2041 1090 2074 libro
1117 2042 1340 2074 disertissime
1368 2042 1535 2084 scriptum
1563 2042 1698 2074 invenio

233 2086 406 2124 negandas,
422 2095 500 2116 cum
517 2085 887 2125 interpretatiuncula:
912 2087 922 2104 ‘
938 2084 1078 2117 Sciebat
1097 2085 1310 2126 negandas!
1329 2090 1366 2118 et
1387 2085 1436 2118 ire
1450 2091 1565 2118 tamen
1580 2094 1623 2117 eo
1639 2085 1698 2117 de-

235 2128 424 2169 siderabat,
441 2128 490 2159 ita
507 2132 546 2167 ut
561 2128 650 2160 bello
667 2133 748 2160 ante
765 2134 914 2170 tempus,
930 2132 991 2159 aut
1006 2127 1040 2159 vi
1057 2128 1184 2168 potius,
1196 2138 1296 2169 quam
1311 2137 1355 2160 ex
1370 2127 1464 2170 pacti
1471 2128 1622 2170 justina
1638 2137 1700 2160 rex

233 2171 476 2203 Thebanorum
502 2170 615 2203 fieret.
663 2171 750 2203 Haec
776 2181 859 2203 vera
877 2171 1014 2202 omnino
1031 2171 1106 2212 ipsa
1132 2171 1259 2203 veritas
1280 2170 1360 2203 est!
1374 2171 1584 2203 Idem—323
1607 2171 1699 2202 Dan.

235 2213 401 2245 Heinsius
427 2213 471 2245 ad
489 2213 612 2246 Claud.
628 2214 704 2246 Bel.
719 2214 800 2246 Get.
815 2217 893 2247 410.
914 2213 1020 2254 legit:
1042 2213 1141 2245 veluti
1161 2224 1231 2246 cum
1249 2218 1361 2245 taurus
1383 2213 1470 2246 avita
1489 2212 1587 2249 Valle,
1600 2213 1700 2253 &ce-

235 2258 300 2287 324
323 2256 446 2289 Behot.
465 2256 565 2298 pulsis
584 2257 799 2288 solida—325
823 2257 913 2288 Dan.
930 2256 1093 2288 Heinsius
1108 2257 1132 2287 Ι.
1149 2266 1180 2288 c.
1195 2256 1294 2297 legit,
1315 2257 1443 2297 longum
1455 2255 1697 2299 mugire—827

236 2298 441 2331 Bernartius
469 2300 586 2332 malit:
602 2299 770 2342 fractoque
795 2300 830 2331 in
852 2302 976 2341 pectore
985 2310 999 2337 ;
1032 2299 1122 2331 Dan.
1147 2303 1185 2331 et
1209 2299 1292 2331 Put.
1309 2299 1488 2340 fractoeque
1515 2298 1550 2335 in
1571 2299 1699 2339 pectora

896 2395 1040 2440 Nom

279 2475 341 2504 315
370 2472 413 2503 Et
441 2482 557 2512 magna
593 2473 747 2514 lacrymas
774 2473 943 2505 incluserat

235 2522 302 2563 ira]
339 2523 532 2564 Virgilius:
567 2523 577 2540 ‘
604 2522 819 2565 Inclusitque
844 2522 943 2554 dolor

235 2573 429 2615 lacrymas!
471 2574 518 2605 Et
535 2573 708 2605 Ovidius:
731 2577 741 2592 ⁸
756 2574 941 2614 Lacrymas

236 2623 406 2656 introrsus
422 2622 562 2656 obortas
576 2623 756 2656 Devorat?

280 2677 343 2706 321
368 2674 458 2715 Spes,
483 2674 536 2706 ubi
551 2675 646 2714 longa
665 2673 767 2715 venit]
799 2674 942 2707 Nullum

238 2724 331 2756 enim
356 2729 410 2757 est
437 2725 574 2768 gravius
603 2729 811 2757 tormentum
840 2734 942 2767 quam

239 2782 318 2816 spes
348 2783 425 2816 quae
458 2775 561 2816 longa
593 2774 835 2817 expectatione
875 2773 942 2806 dif-

996 2470 1118 2504 fertur.
1145 2471 1287 2514 Nubem]
1308 2470 1564 2513 Cogitationum
1583 2468 1698 2502 multi-

996 2522 1162 2563 tudinem,
1199 2532 1277 2565 quae
1319 2525 1472 2557 mentem
1507 2520 1598 2552 mole
1634 2528 1697 2557 sua

996 2573 1156 2606 obruunt.

1037 2625 1102 2656 322
1128 2622 1265 2664 Dircen]
1302 2621 1406 2654 Dirce
1434 2619 1510 2653 fons
1535 2620 1697 2662 Boeotiae,

995 2683 1058 2715 per
1071 2682 1171 2714 quem
1187 2671 1412 2712 intelligenda
1425 2670 1574 2703 Boeotia.
1612 2671 1696 2703 Cad-

994 2723 1097 2764 mique
1111 2722 1231 2764 domos]
1253 2721 1400 2754 Thebas.
1429 2720 1591 2764 Negatas]
1601 2721 1698 2754 Non·

996 2773 1076 2806 dum
1093 2777 1207 2806 tamen
1221 2776 1356 2815 negata».
1374 2770 1525 2806 fueraut.
