1820 3068
218 226 305 268 892
745 237 784 266 P.
819 235 1008 267 ΡΑΡιΝιι
1044 235 1208 267 srA'rn

221 330 456 382 Fraxinus,
476 335 520 373 et
539 331 649 373 foeta
669 330 823 372 viridis
843 343 954 385 puer
973 330 1142 373 excidit
1161 343 1281 372 orno.

221 398 287 439 Hi
303 398 420 440 lucis
438 397 821 453 stupuissevices,
842 398 1075 453 noctisque
1092 398 1293 440 feruntur
1359 422 1364 426 ·

223 465 409 517 Nubila,
430 471 472 508 et
490 467 728 508 occiduum
743 466 872 519 longe
892 466 1057 508 Titana
1074 467 1220 508 secuti

222 533 501 587 Desperasse
523 534 653 575 diem·
712 533 965 575 Rarescunt
979 534 1074 576 alta
1091 532 1266 575 colonis

223 600 445 644 Maenala:
478 601 766 643 Parthenium
785 601 950 654 fugitur
968 613 1149 643 nemus:
1181 599 1358 654 agmina
1377 599 1497 641 bello

222 667 481 723 Rhipeque,
500 673 546 711 et
565 669 745 719 Stratie,
763 673 1038 723 ventosaque
1058 669 1196 710 donat
1215 667 1400 722 Enispe.

221 735 331 777 Non
350 736 517 790 Tegea,
537 750 624 779 non
638 737 745 791 ipsa
763 736 863 779 Deo
879 740 1013 780 vacat
1033 737 1138 779 alite
1156 737 1269 779 felix

222 803 422 859 Cyllene,
443 805 750 859 templumque
769 803 896 847 Aleae
917 805 1142 847 nemorale
1164 805 1397 854 Minervae,

225 872 283 914 Et
302 871 486 926 rapidus
509 872 679 924 Cliton,
699 877 742 915 et
761 872 840 927 qui
861 873 958 924 tibi,
980 873 1157 928 Pythie,
1178 872 1336 914 Ladon

222 939 359 982 Paene
379 952 520 991 socer,
540 941 819 996 candensque
832 940 956 995 jugis
974 941 1166 996 Lampia
1185 939 1375 990 nivosis,

1599 599 1688 643 285

1597 939 1687 982 290

222 1067 252 1095 et
267 1064 362 1096 densa
376 1063 531 1103 fraxinus
544 1067 656 1105 gentes
668 1065 801 1106 peperit,
821 1067 854 1096 et
867 1064 974 1103 infans
987 1063 1103 1097 viridis
1117 1064 1219 1106 ‘ffui‘
1234 1073 1274 1095 ex
1288 1062 1384 1096 enixa
1397 1071 1484 1094 orno.
1526 1062 1690 1094 Dicuntur

221 1106 255 1138 lu·
275 1107 428 1139 admirati
443 1108 550 1146 fuisse
572 1108 777 1140 mutationem
791 1108 931 1147 luminis,
952 1110 983 1138 et
1007 1106 1227 1138 obscuritatem
1249 1106 1402 1138 venientis
1415 1105 1528 1145 noctis,
1549 1109 1582 1137 et
1594 1105 1689 1136 solem

222 1149 409 1182 occidentem
430 1152 523 1191 longe
547 1151 646 1182 oculis
668 1151 814 1190 insecuti,
835 1149 900 1182 diei
924 1151 1062 1181 reditum
1084 1151 1271 1191 desperasse.
1314 1149 1450 1180 Excelsa
1463 1148 1607 1179 Moenala
1620 1148 1688 1179 cul-

222 1191 344 1224 toribus
367 1194 622 1228 exhauriuntur.-
644 1193 822 1225 Parthenia
844 1193 932 1234 sylva
957 1193 1131 1224 deseritur.-
1158 1193 1272 1233 Rhipe,
1296 1195 1329 1224 et
1355 1190 1487 1230 Stratie,
1509 1201 1546 1222 ac
1568 1190 1690 1230 Enispe

221 1235 325 1267 ventis
348 1237 492 1277 exposita
512 1236 652 1279 prebent
677 1237 783 1277 copias
807 1236 848 1267 ad
874 1235 995 1267 bellum.
1041 1235 1116 1266 Non
1140 1235 1252 1276 Tegee,
1275 1244 1336 1266 non
1358 1234 1428 1276 ipsa
1456 1234 1584 1275 Cyllene
1598 1233 1690 1264 beata

223 1277 294 1308 Deo
309 1279 392 1311 alato
406 1279 554 1313 immanis
567 1283 628 1320 est,
649 1289 706 1311 nec
728 1280 811 1311 oedes
834 1287 995 1310 nemorosa
1010 1278 1170 1310 Minerva
1182 1279 1282 1319 Aleoe,
1302 1285 1495 1318 praecepsque
1512 1276 1630 1314 Cliton,
1653 1284 1690 1306 ac

224 1319 346 1363 Ladon,
368 1322 421 1363 qui
434 1323 507 1365 tibi,
519 1323 643 1364 Apollo,
654 1331 743 1363 paene
757 1331 843 1353 socer
856 1319 941 1361 fnit,
957 1324 989 1352 et
1005 1320 1138 1362 Lampia
1149 1321 1288 1354 albicans
1302 1320 1406 1352 nivoso
1418 1319 1588 1359 cacumine,
1604 1317 1690 1350 Phe-

841 1404 1078 1418 emeoooae‘ee

225 1466 458 1500 Behot.—281
483 1467 583 1501 Unus
611 1467 738 1500 Behot.
762 1466 882 1505 virid&
904 1466 1055 1507 optimus
1070 1474 1153 1496 vero
1181 1463 1300 1496 Barth.
1318 1463 1403 1503 foeta
1430 1463 1532 1494 nudus
1552 1471 1691 1504 puer.—

223 1512 289 1542 284
322 1511 521 1552 Despensare
556 1511 639 1543 diem
683 1511 717 1542 in
754 1510 875 1542 eodem
922 1508 1162 1541 codice—285
1199 1506 1418 1539 Parthemium
1455 1505 1580 1537 Behot.
1611 1507 1691 1537 2.-

223 1554 290 1584 286
314 1553 476 1595 Ripheqae
499 1557 529 1588 et
552 1554 658 1587 Strati
683 1553 810 1585 Behot.
829 1556 859 1584 1.
904 1552 1084 1593 Ripheeque
1098 1550 1214 1582 stratio
1227 1549 1353 1582 Behot.
1367 1551 1401 1580 2.
1419 1547 1600 1590 postremis
1615 1547 1693 1579 lite·

223 1595 270 1627 ris
289 1597 563 1636 reconcinnatis;
587 1597 739 1640 Ripaeque
754 1599 786 1628 et
801 1594 925 1627 Stratie
940 1595 1025 1627 Put.
1058 1593 1177 1634 Enipse
1191 1593 1284 1624 clare
1305 1591 1340 1623 in
1361 1595 1507 1633 utroque
1520 1590 1692 1622 Behot.—

224 1640 290 1670 287
314 1640 389 1670 Non
406 1640 506 1680 Tegee
529 1640 564 1671 in
586 1640 708 1671 iisdem
734 1638 946 1670 codd.—288
969 1637 1109 1668 Behott.
1130 1638 1159 1668 1.
1174 1638 1209 1667 2.
1229 1644 1306 1666 cum
1333 1633 1414 1666 edd.
1437 1633 1544 1674 antiq.
1567 1634 1642 1664 altae
1657 1641 1690 1681 n.

225 1681 394 1715 Minervae.
415 1683 505 1714 Aleoe
516 1682 616 1714 Aldd.
631 1685 667 1713 et
682 1685 833 1713 recentt.
850 1690 928 1712 cum
947 1679 1020 1711 aliis
1036 1678 1247 1710 codd.—289
1265 1676 1368 1708 Clitor
1381 1676 1531 1717 optimus
1547 1675 1692 1714 Barthn,

226 1724 317 1765 quod
333 1724 391 1757 ille
407 1726 546 1767 probat.
590 1725 690 1767 Pycie
706 1734 792 1756 unus
806 1723 1040 1755 Behot.—290
1055 1720 1207 1762 Lampria
1221 1719 1362 1762 optimae
1376 1718 1513 1751 Barthii
1527 1718 1692 1750 membra-

890 1807 1034 1843 NOTAE

268 1877 334 1906 282
357 1873 425 1915 Hi]
450 1874 617 1907 Arcades.

269 1927 333 1957 283
356 1924 482 1967 Secuti]
516 1925 650 1967 Oculis,
665 1924 722 1957 vel
736 1923 841 1957 etiam
855 1933 932 1957 cur-

227 1984 264 2007 su

270 2029 334 2058 284
358 2026 547 2069 Desperasse
561 2026 660 2068 diem]
696 2026 828 2069 Supple
844 2025 937 2058 redi-

228 2081 356 2109 turum.

270 2129 335 2159 285
357 2127 513 2168 Moenala]
533 2128 634 2160 Mons
650 2126 823 2160 Arcadiae.
849 2127 936 2159 Par-

228 2178 385 2219 thenium]
407 2179 538 2211 Nemus
554 2179 588 2210 in
606 2177 766 2211 Arcadia.
820 2178 885 2210 Est
899 2181 937 2210 et

227 2239 325 2261 mons
341 2229 496 2270 ejusdem
519 2229 677 2261 nominis.

272 2281 337 2311 286
361 2279 535 2320 Rhipeque,
554 2282 586 2310 et
600 2278 735 2319 Stratie,
750 2281 937 2320 ventosaque

229 2329 366 2371 Enispe]
389 2328 529 2370 Oppida
542 2328 714 2361 Areadiae.
740 2328 934 2360 Homerus:

227 2379 337 2418 Ῥίπην
361 2391 398 2411 τε
427 2378 585 2421 Στρατίην
605 2391 643 2411 τε
667 2378 719 2411 καὶ
742 2378 938 2419 ἠνεμόεσσαν

229 2432 390 2471 Ἐνίσπην.

272 2487 336 2517 287
378 2484 496 2527 Tegea]
517 2483 612 2517 Urbs
649 2482 820 2516 Areadiae.
866 2483 936 2515 Deo

232 2536 309 2569 alite
326 2536 415 2574 felix
434 2535 580 2577 Cyllene]
601 2534 744 2576 Cyllene
760 2543 856 2566 mons
872 2533 939 2566 Ar·

232 2587 358 2626 cadioe,
381 2585 439 2617 ubi
454 2585 653 2617 Mercurius
670 2588 773 2617 natus
789 2583 936 2617 dicitur:

233 2639 314 2670 hinc
337 2638 407 2670 Deo
423 2637 503 2668 alite
517 2636 616 2673 felix.
889 2663 897 2667 ,

276 2691 342 2721 288
364 2688 454 2721 Aleoe
464 2686 638 2727 Minervae]
661 2684 749 2718 Alea
769 2683 937 2727 oppidum

235 2738 409 2778 Arcadiae,
431 2738 467 2769 in
484 2747 551 2779 qna
565 2741 666 2769 erant
679 2736 807 2777 templa
818 2735 938 2768 Dianae

987 1870 1194 1904 Pausaniam
1206 1868 1399 1902 Arcadicis.

1030 1927 1096 1957 289
1119 1920 1244 1962 Cliton]
1267 1920 1383 1953 Cliton
1408 1928 1470 1951 sen
1494 1918 1605 1952 Clitor
1629 1917 1693 1951 fiu-

988 1977 1062 2008 vius
1098 1973 1259 2008 Arcadiae
1292 1970 1406 2004 influit
1431 1971 1468 2003 in
1506 1970 1694 2004 Amanium

987 2024 1079 2058 hand
1102 2024 1181 2066 plus
1206 2025 1342 2064 septem
1365 2020 1479 2054 stadia
1505 2022 1627 2063 procul
1650 2021 1694 2053 ab

988 2076 1118 2120 oppido
1155 2075 1336 2108 Clitorum.
1395 2072 1522 2114 Ladon]
1553 2073 1695 2106 Flavius

988 2126 1151 2160 Arcadiae
1166 2135 1186 2157 e
1202 2123 1385 2167 paludibus
1396 2123 1529 2155 Phenei
1539 2127 1645 2162 emta,
1658 2123 1696 2156 in‘

988 2178 1162 2220 Alpheum
1178 2174 1302 2208 influit.
1324 2173 1516 2206 Pausanias
1531 2173 1616 2207 dicit
1630 2175 1694 2206 La-

989 2229 1112 2262 donem
1135 2237 1234 2270 aqnae
1258 2224 1513 2267 pulchritudine
1537 2224 1698 2257 omnibus

989 2279 1138 2313 Graeciae
1147 2276 1341 2309 fluminibus
1354 2275 1566 2307 antecellere
1576 2285 1587 2307 ε
1605 2275 1696 2308 cele·

989 2329 1084 2362 brari
1114 2336 1196 2360 vero
1224 2325 1374 2358 maxime
1409 2324 1577 2366 Daphnes
1614 2322 1694 2358 filiae

990 2389 1107 2420 causa,
1121 2382 1158 2411 et
1182 2377 1227 2410 ob
1255 2385 1297 2409 ea
1321 2384 1398 2418 qum
1422 2374 1466 2407 de
1489 2374 1550 2407 illa
1571 2371 1695 2408 Poetae

991 2430 1271 2466 commemorant,
1303 2425 1465 2458 nimirum
1500 2425 1695 2458 adamatam

991 2480 1099 2512 fuisse
1113 2479 1156 2511 ab
1166 2477 1340 2520 Apolline,
1356 2479 1393 2508 et
1409 2483 1510 2517 paene
1526 2484 1698 2517 compres-

992 2541 1081 2571 sam,
1095 2529 1160 2562 nisi
1185 2531 1320 2560 mutata
1345 2524 1468 2558 fnisset
1491 2525 1526 2557 in
1538 2526 1671 2557 laurum
1685 2532 1696 2554 t

992 2583 1072 2615 hine
1096 2581 1183 2613 dicit
1207 2581 1366 2613 Noster:
1388 2578 1444 2621 qni
1465 2577 1536 2618 tibi,
1562 2576 1693 2620 Pythie,

991 2635 1091 2667 Poene
1100 2642 1197 2665 socer.
1241 2631 1339 2663 Nota
1350 2628 1480 2661 fabula.

1034 2685 1098 2716 290
1121 2680 1272 2722 Lampia]
1293 2678 1396 2711 Mons
1420 2676 1579 2710 Arcadia
1605 2677 1696 2709 Pani

993 2744 1102 2767 sacer.
1144 2732 1186 2764 In
1211 2731 1278 2762 hoe
1314 2731 1431 2760 monte
1467 2728 1696 2770 Erymanthus

237 2789 395 2831 Ephesiae
422 2792 460 2820 et
493 2788 667 2821 -Minervae
697 2786 805 2819 Aleae.
850 2786 942 2818 Vide
996 2794 1072 2818 suos
1084 2783 1197 2818 fontes
1211 2780 1338 2813 habere
1356 2778 1493 2812 dicitur.
