1820 3068
214 233 301 276 840

719 244 760 275 P.
795 241 989 275 PAP1N11
1023 242 1192 275 STATn

215 337 449 389 Postibus,
471 341 516 381 et
534 337 653 380 fixos
674 338 892 393 Superum
913 339 971 381 ad
989 340 1229 394 penetralia
1246 353 1399 383 currus

214 405 399 448 Vellere
419 418 564 448 amor:
596 410 697 451 tunc
715 406 837 449 fessa
851 406 969 461 putri
984 407 1180 461 rubigine
1199 409 1305 460 tela,

215 474 551 529 Horrentesque
569 475 659 516 situ
676 475 852 528 gladios
873 477 919 516 in
939 488 1065 518 saeva
1079 482 1312 518 recurvant

214 542 428 593 Vulnera,
450 545 496 583 et
514 543 665 584 attrito
685 547 854 596 cogunt
866 543 1147 597 juvenescere
1165 556 1293 586 saxo.

216 610 283 651 Hi
304 613 466 651 teretes
487 610 653 663 galeas,
675 623 1022 665 magnorumque
1038 624 1156 653 aerea
1173 616 1277 653 suta

1591 611 1679 654 585

213 677 479 728 Thoracum,
501 681 546 719 et
566 679 741 720 tunicas
762 678 1000 733 chalybum
1021 678 1230 732 squalore
1249 682 1482 734 crepantes

215 744 484 787 Pectoribus
507 748 686 797 tentare,
707 746 786 788 alii
806 746 1031 800 Gortynia
1050 746 1222 788 lentant

212 875 328 908 invasit
342 881 567 910 consternatos.
609 879 708 910 Juvat
723 879 865 919 deripere
879 887 969 909 arma
983 888 1000 909 e
1021 878 1164 918 paternis
1186 877 1339 919 postibus,
1359 881 1390 910 et
1404 886 1515 909 currus
1530 876 1621 917 fixos
1633 876 1677 907 ad

211 920 310 960 adyta
325 919 478 952 Deorum.
519 920 603 952 Tunc
616 922 678 953 tela
690 922 812 962 poliunt
825 930 940 952 semesa
946 921 1037 960 soeda
1052 921 1208 961 rubigine,
1223 925 1254 953 et
1268 930 1357 952 enses
1367 921 1510 961 squalore
1524 919 1678 950 hoerentes

211 962 376 1002 reflectunt
390 963 423 994 ia
437 973 537 994 saevas
547 964 668 1004 plagas,
690 967 722 994 et
727 964 854 1001 faciunt
870 964 904 994 in
918 963 1017 995 aciem
1031 965 1189 995 ardescere
1200 964 1316 995 attrita
1326 967 1404 995 cole,

212 1005 294 1036 leves
308 1005 456 1045 cassides,
475 1009 506 1037 et
521 1010 630 1047 aptant
644 1007 820 1047 pectoribus
834 1007 978 1046 ingentes
992 1007 1106 1038 loricas
1125 1006 1215 1038 aeret's

1449 962 1499 993 Hi
1513 962 1678 1002 explorant

1228 1006 1301 1048 filis
1324 1009 1442 1045 textas,
1463 1008 1495 1036 et
1517 1006 1679 1044 crepantes

202 1046 331 1084 ferreas
343 1049 478 1090 tunicas,
500 1048 606 1081 illuvie
630 1053 815 1091 corruptas.-
838 1049 896 1080 alii
913 1049 1053 1090 flectunt
1083 1049 1246 1082 Cretenses
1268 1058 1371 1081 arcus.
1413 1049 1490 1079 Jam
1506 1047 1623 1087 falces,
1644 1049 1675 1077 et

825 1143 963 1156 eeeeeee

966 1143 1066 1156 ooooo

212 1196 314 1228 codd.
341 1197 546 1237 Barthiani;
575 1199 694 1231 Tantus
718 1199 903 1231 inaltonitos
929 1199 963 1231 in
989 1210 1056 1232 uno
1082 1199 1440 1240 manuscripta-582
1474 1197 1515 1229 In
1545 1196 1677 1238 optimo

212 1240 348 1288 Barthii
373 1241 448 1271 cod.
470 1241 551 1283 fissa
564 1242 664 1282 putri,
682 1242 773 1284 quod
786 1243 842 1274 ille
861 1243 998 1284 probat.
1016 1242 1152 1274 Wakef.
1169 1243 1204 1274 in
1219 1242 1314 1283 Sylv.
1333 1242 1420 1273 Cril.
1438 1241 1481 1272 P.
1498 1249 1533 1272 v.
1551 1250 1584 1280 p.
1600 1242 1676 1271 162.

213 1283 360 1314 scribit:
383 1283 392 1300 ‘
417 1283 511 1315 Olim
527 1285 747 1325 conjeceram
771 1295 848 1323 esa,·
869 1285 931 1317 sed
947 1286 1059 1324 male3
1082 1295 1147 1317 nec
1166 1285 1327 1316 Barthius
1345 1283 1477 1316 felicior
1498 1281 1576 1314 est!
1619 1282 1678 1314 Ita

211 1334 292 1356 vero
308 1326 409 1366 longe
426 1332 529 1358 antea
544 1328 765 1368 conjectabat
785 1329 939 1361 Jortinus
955 1329 989 1359 in
1013 1327 1118 1360 Obss.
1143 1328 1246 1359 Misc.
1269 1328 1366 1359 Tem.
1383 1328 1516 1358 1.—583
1541 1324 1679 1356 Hoerea-

210 1370 315 1408 tesque
329 1369 416 1400 Exc.
433 1368 581 1401 Cantab.
599 1375 635 1402 et
660 1370 783 1411 optimi
800 1370 902 1404 codd.
926 1371 1115 1409 Gronovii;
1138 1370 1263 1402 Horrea

1395 1370 1556 1401 Peneus.
1582 1368 1675 1400 Dan.

210 1411 294 1444 Put.
310 1410 433 1443 Petav.
453 1412 560 1453 Lang.
577 1413 681 1445 Laur-
697 1413 848 1453 Lipsian.
864 1413 998 1446 Buslid.
1014 1419 1051 1445 et
1066 1413 1146 1444 edd.
1160 1422 1287 1444 omnes.
1327 1413 1398 1444 Pro
1412 1413 1579 1443 recurvant
1595 1409 1677 1442 Jor-

212 1453 305 1502 tinns
330 1457 466 1486 nostras
493 1455 600 1492 malit,
622 1457 772 1487 recudunt
785 1466 797 1492 ,·
820 1456 983 1487 Barthius
997 1465 1080 1487 vero
1104 1465 1148 1486 ex
1174 1455 1312 1496 optimis
1337 1453 1544 1486 membranis
1573 1452 1677 1489 scribi

205 1497 322 1537 Jubet,
345 1500 636 1538 repurgant.—584
659 1498 700 1529 In
724 1498 844 1530 iisdem
863 1499 1089 1530 membranis:
1118 1501 1150 1530 et
1173 1508 1194 1529 a
1219 1497 1419 1529 trita—586
1442 1496 1512 1528 Pro
1536 1496 1680 1536 squalore

211 1540 344 1571 eaedem
367 1539 575 1572 membranae
605 1541 781 1582 exhibent,
805 1542 1044 1573 ercalom—687
1067 1539 1172 1572 Aldd.
1199 1541 1312 1572 Colin.
1336 1539 1471 1580 Gryph.
1502 1544 1540 1570 et
1568 1537 1677 1569 Basil.

211 1582 285 1614 aliis
310 1583 464 1625 Cortynia
484 1584 629 1623 lentant5
652 1584 763 1626 Lang.
786 1584 889 1617 Laur.
911 1583 1045 1616 Buslid.
1066 1583 1218 1625 Lipsian.
1243 1584 1334 1615 Dan.
1354 1591 1440 1615 uuus
1453 1581 1577 1614 Behot.
1592 1580 1676 1613 Put.

876 1659 1021 1692 NOTAE

255 1726 318 1755 581
344 1724 444 1756 Fixos
478 1724 634 1766 Superum
672 1726 714 1757 ad
747 1726 923 1767 penetralia

213 1773 339 1814 currus]
360 1774 489 1806 Currus
509 1775 660 1807 hostium
677 1775 822 1816 scilicet,
838 1785 922 1817 quos

214 1825 249 1857 in
262 1825 400 1865 templis
420 1826 572 1857 Deorum
588 1824 730 1867 affigere
745 1836 818 1858 mos
833 1830 922 1867 erat,

206 1879 254 1907 ⁴ut
266 1878 303 1906 et
319 1884 413 1906 arma
427 1874 581 1907 hostibus
598 1879 723 1918 erepta
737 1876 922 1917 suspende-

214 1924 298 1957 bant
312 1934 331 1956 e
348 1925 461 1957 tholis.

258 1978 323 2008 583
346 1975 582 2017 Homntesque
596 1977 675 2018 situ]
715 1977 817 2018 Legit
832 1977 920 2009 Gro-

214 2028 336 2060 novius
352 2027 523 2059 Haerentes
549 2037 592 2059 ex
610 2028 749 2069 optimis
766 2031 802 2059 et
817 2027 920 2068 pluri-

146 2120 149 2122 *
214 2077 278 2110 mis
294 2077 381 2109 Mss.
427 2077 504 2108 Nec
517 2076 757 2118 dubitandum,
770 2077 850 2117 quin
864 2087 921 2108 ve-

215 2137 291 2160 rum
307 2127 365 2160 sit.
409 2126 583 2168 Intelligit
605 2127 708 2165 enim,
731 2137 804 2168 prae
829 2127 921 2159 rubi·

217 2179 298 2220 gine
314 2187 382 2210 non
399 2186 499 2218 posse
514 2187 533 2208 e
551 2177 681 2217 vaginis
697 2177 811 2210 educi.
843 2179 922 2210 Gla-

215 2229 332 2261 diesin
345 2238 430 2260 saeva
439 2232 604 2260 recurvant
627 2227 779 2269 Vulnera]
814 2229 824 2246 ‘
847 2227 921 2260 Sci-

216 2280 376 2312 mitarras
387 2278 396 2291 '
410 2282 535 2310 vocant
550 2278 610 2310 hos
625 2278 766 2320 gladios.

259 2333 323 2363 585
347 2330 446 2362 AErea
464 2332 538 2360 suta
554 2328 745 2369 Thur-acum]
770 2327 861 2362 Quia
876 2337 922 2360 ae-

215 2381 285 2414 reis
314 2379 382 2412 filis
411 2379 602 2421 ferreisque
633 2379 791 2410 thoraces
822 2383 920 2410 texe-

216 2431 355 2464 bantur.
378 2429 470 2461 Vide
487 2429 639 2470 Lipsium
654 2429 690 2460 in
705 2428 901 2469 Polybium.

260 2484 326 2514 586
348 2481 394 2512 Et
422 2479 546 2512 tunicas
571 2479 749 2520 chalybum]
772 2477 923 2519 Chalybs

219 2541 324 2574 genus
336 2530 422 2562 ferri
436 2529 607 2562 durissimi
629 2533 667 2561 et
682 2527 923 2570 perfectioris:

219 2582 358 2614 Gallice
377 2580 473 2612 πίεν.
519 2580 657 2612 Nomen
681 2578 787 2611 habet
801 2588 823 2610 a
837 2578 924 2610 Cha-

217 2633 300 2675 lybe
312 2631 419 2664 fluvio
437 2629 629 2671 Hispaniae,
641 2629 738 2670 cujus
753 2633 923 2670 tempera-

218 2686 337 2715 mento
353 2680 484 2712 ferrum
499 2678 610 2711 acrius
633 2678 802 2719 redditur,
815 2682 854 2709 ut
869 2678 925 2709 ha-

244 2736 282 2765 et
303 2732 463 2765 Justinus
486 2728 546 2761 lib.
567 2736 664 2760 xnrv.
707 2727 831 2760 Tradit
845 2728 926 2760 Plu-

222 2783 361 2818 tarchus
377 2782 434 2815 lib.
452 2781 495 2815 de
510 2780 740 2823 Garrulitate,
760 2778 890 2813 ferrum
905 2789 927 2814 a

978 1724 1160 1757 Cantabris
1184 1728 1287 1757 terrae
1310 1721 1431 1762 infodi,
1454 1724 1493 1753 ut
1514 1719 1574 1752 flat
1598 1719 1678 1751 cha·

974 1776 1063 1818 lybs.
1106 1775 1260 1807 Verbum
1275 1775 1339 1806 hoc
1354 1771 1493 1814 chalybs
1508 1769 1679 1812 significat

974 1827 1165 1865 metallum,
1177 1823 1330 1864 fluvium,
1346 1828 1383 1855 et
1397 1822 1554 1864 populos.
1586 1820 1677 1853 Nam

974 1880 1055 1908 sunt
1070 1875 1240 1916 Chalybes
1267 1872 1447 1914 Hispaniae
1470 1870 1603 1913 populi,
1618 1878 1680 1901 no-

974 1935 1051 1957 men
1067 1925 1180 1957 sortiti
1192 1934 1211 1957 a
1222 1923 1324 1956 fluvio
1336 1923 1410 1964 illo,
1424 1930 1569 1964 quorum
1584 1930 1679 1952 meu-

975 1976 1102 2008 tionem
1132 1974 1218 2007 facit
1243 1973 1402 2006 Justinus
1425 1973 1503 2004 loco
1525 1970 1679 2003 laudato.

974 2026 1063 2058 Sunt
1091 2029 1127 2057 et
1153 2024 1212 2056 alii
1237 2023 1356 2066 populi
1379 2022 1482 2055 etiam
1507 2021 1678 2062 Chalybes

977 2076 1062 2109 dicti
1091 2075 1198 2108 Ponti
1235 2074 1366 2107 accola
1391 2073 1497 2114 juxta
1517 2072 1679 2104 Thermo-

975 2123 1130 2167 dontem,
1159 2125 1219 2167 qui
1242 2124 1343 2166 primi
1371 2123 1500 2156 ferrum
1529 2132 1550 2154 e
1586 2127 1680 2154 terra

976 2176 1105 2209 eruisse
1122 2186 1163 2208 ae
1178 2175 1372 2207 elaborasse
1395 2173 1566 2206 dicuntur.
1609 2173 1679 2204 Va-

976 2229 1081 2260 lerius
1096 2228 1242 2260 Flaccus
1258 2226 1450 2267 Argonaut.
1469 2225 1493 2256 1.
1509 2233 1546 2256 v.
1566 2225 1577 2242 ‘
1590 2224 1677 2256 Per·
1704 2265 1706 2267 K

974 2280 1059 2321 vigil
1075 2279 1214 2311 auditur
1235 2277 1423 2319 Chalybum
1447 2275 1559 2315 labor,
1582 2285 1678 2307 arma

973 2329 1122 2371 fatigant
1131 2328 1318 2368 Ruricolae‚
1328 2325 1423 2359 Grad
1430 2327 1497 2367 ive,
1503 2325 1567 2366 tui,
1579 2329 1680 2358 sonat

976 2380 1035 2412 illa
1049 2378 1201 2412 creatrix
1222 2377 1341 2409 Prima
1362 2386 1481 2408 manus
1494 2376 1586 2408 belli
1608 2381 1679 2408 ter-

977 2440 1033 2463 ras
1061 2428 1212 2461 crudelis
1237 2428 1273 2460 iu
1298 2436 1426 2459 omnes.
1470 2427 1559 2459 Nam
1585 2426 1680 2467 prius

976 2479 1085 2522 ignoti
1102 2488 1201 2521 quam
1217 2478 1303 2510 dura
1325 2476 1454 2508 cubilia
1466 2474 1548 2507 ferri
1569 2477 1679 2508 Erue-

979 2532 1062 2570 rint,
1078 2538 1245 2571 ensesque
1258 2527 1395 2567 darent,
1410 2525 1490 2558 odia
1499 2536 1593 2568 egra
1607 2526 1680 2558 sine

980 2580 1083 2612 armis
1111 2578 1294 2619 Errabant,
1320 2577 1451 2618 iraeque
1479 2575 1613 2617 inopes,
1641 2579 1680 2607 et

979 2630 1095 2672 segnis
1111 2627 1284 2671 Erinnys?

1022 2682 1085 2711 587
1111 2676 1287 2719 Gortynia]
1309 2674 1500 2715 Cretensia,
1514 2683 1536 2706 a
1550 2673 1679 2718 Gorty-

978 2739 1023 2761 na
1039 2729 1124 2761 urbe
1141 2728 1257 2760 Cretae
1270 2726 1408 2766 insule,
1421 2734 1520 2768 quam
1535 2729 1680 2766 praeter.

977 2779 1109 2813 labitur
1123 2778 1231 2812 amnis
1247 2778 1404 2817 Lena-us,
1417 2775 1453 2809 in
1469 2785 1536 2819 qua
1549 2774 1683 2813 fiebant
