1820 3068
231 199 319 242 926
735 209 777 240 Ρ.
811 209 1006 241 PAPINH
1041 210 1208 242 STATH

232 304 450 359 Atropos:
482 317 540 345 ex
562 303 660 345 istis
683 316 845 347 casus:
877 304 997 347 bella
1012 305 1190 348 horrida
1209 307 1358 359 nobis,

231 372 383 427 Atque
401 373 559 414 iterum
578 371 774 426 Tydeus.
824 373 971 423 Dixit,
991 374 1194 429 vittaque
1208 375 1360 429 ligatis

233 440 485 482 Frondibus
506 440 725 481 instantes
746 441 900 494 abigit,
920 444 1229 495 monstratque
1251 454 1464 485 cruorem.

233 508 394 550 Stabat
414 508 542 562 inops
560 507 772 549 comitum
793 507 952 563 Cocyti
972 509 1019 550 in
1037 509 1186 551 littore
1206 515 1370 553 moesto

232 575 392 626 Laius,
414 575 572 616 immiti
592 587 727 629 quem
742 574 839 630 jam
860 576 989 628 Deus
1011 576 1106 618 ales
1122 576 1307 620 Averno
1614 576 1704 618 605

234 641 529 693 Reddiderat,
549 641 782 696 dirumque
798 646 927 685 tuens
950 643 1137 698 obliqua
1157 649 1383 699 nepotem,
1688 654 1691 656 ’

232 710 424 766 (Noscit
444 710 558 752 enim
580 709 728 765 vultu)
746 723 832 752 non
852 711 927 752 ille
948 715 1026 753 aut
1047 712 1276 766 sanguinis
1297 712 1500 763 haustus,

234 777 397 820 Cetera
417 791 500 820 ceu
521 779 689 833 plebes,
709 778 906 821 aliumve
937 779 1118 821 accedit
1137 779 1197 821 ad
1217 780 1418 831 imbrem,
1448 812 1450 814 .

235 846 492 889 Immortale
514 847 665 889 odium
687 848 867 901 spirans
885 860 895 889 ε
925 847 1005 889 sed
1027 847 1209 902 prolicit
1227 848 1345 890 ultro

240 914 415 956 Aonius
435 917 561 956 vates
580 928 590 957 :
619 914 771 970 Tyriae
791 915 884 957 dux
903 916 1069 969 inclyte
1089 914 1283 965 Thebes,
1617 913 1707 955 610

235 981 378 1036 Cujus
398 982 455 1023 ab
476 982 656 1024 interitu
676 996 765 1025 non
783 984 876 1025 ulla
897 982 1164 1038 Amphionis
1189 995 1316 1024 arces

234 1048 364 1091 Vidit
385 1049 533 1092 amica
551 1050 649 1092 dies
668 1064 679 1093 ε
710 1064 738 1092 o
753 1051 849 1106 jam
870 1052 981 1094 satis
1002 1052 1098 1093 ulte
1119 1055 1349 1093 cruentum

234 1169 278 1201 tis
292 1179 392 1201 casus.
438 1170 532 1202 Bella
546 1180 658 1211 aspera
671 1173 793 1202 restant
807 1170 906 1210 nobis,
928 1174 959 1202 et
975 1171 1090 1203 iterum
1107 1171 1241 1212 Tydeus.
1285 1169 1399 1210 Dixit,
1424 1172 1457 1201 et
1471 1169 1543 1201 illos
1556 1171 1707 1211 urgentes

233 1212 351 1254 repulit
365 1213 465 1244 ramis
480 1213 578 1244 taeuia
592 1214 754 1253 connexis,
777 1216 808 1244 et
834 1214 970 1245 ostendit
984 1214 1180 1254 sanguinem.
1226 1212 1327 1245 Laius
1341 1216 1445 1244 autem
1459 1216 1526 1245 erat
1541 1212 1706 1244 incomita-

233 1258 297 1291 tus,
319 1256 354 1286 in
380 1255 469 1286 tristi
491 1256 563 1296 ripa
579 1256 701 1297 Cocyti,
723 1265 812 1297 quem
827 1257 915 1288 Deus
928 1258 1031 1288 alatus
1042 1258 1113 1295 jam
1127 1255 1306 1288 inclementi
1321 1254 1443 1288 Averno
1457 1255 1652 1295 restituerat,
1673 1258 1706 1286 et

234 1301 323 1329 ton-o
338 1299 426 1329 vultu
441 1299 595 1339 aspiciens
607 1309 786 1339 perversum
800 1303 944 1339 nepotem
958 1299 1074 1341 (noscit
1085 1299 1168 1331 eni-m
1183 1299 1250 1338 ejus
1256 1298 1391 1339 faciem)
1401 1308 1464 1330 mm
1475 1298 1529 1330 ille
1540 1297 1706 1339 appropin-

234 1343 309 1381 quat
324 1342 365 1372 ad
380 1341 562 1372 sorbendum
577 1351 728 1379 cruorem,
750 1345 806 1373 aut
819 1343 918 1373 alium
930 1342 1092 1383 liquorem,
1114 1346 1150 1373 ut
1176 1342 1328 1382 reliquum
1350 1337 1479 1380 vulgus,
1493 1340 1620 1382 infinito
1634 1339 1705 1371 odio

226 1383 387 1424 flagrans.
432 1384 497 1415 Sed
521 1394 623 1424 augur
650 1384 812 1415 Thebanus
836 1385 924 1415 illum
948 1386 1031 1416 ultro
1057 1385 1239 1424 compellat:
1265 1385 1295 1414 O
1317 1384 1490 1415 clarissime
1511 1393 1570 1414 rex
1588 1383 1706 1415 Thebes

239 1426 358 1468 Tyrioe,
372 1436 392 1458 a
404 1427 491 1466 cnjus
506 1427 593 1458 obitu
607 1428 694 1458 nulla
708 1428 764 1458 lux
777 1428 916 1469 propitia
926 1428 1066 1468 respexit
1082 1428 1187 1459 aulam
1203 1426 1406 1468 Amphionis.-
1429 1436 1447 1457 o
1471 1426 1527 1467 qui
1546 1425 1616 1464 jam
1629 1425 1708 1456 satis

854 1522 1094 1534 “CN‘ffOOm

236 1589 453 1619 annae—602
476 1587 579 1630 Atque
606 1586 720 1619 iterum
745 1587 842 1619 Deux
873 1587 939 1619 hoec
968 1587 1054 1619 dixit
1084 1587 1166 1618 Pnt.
1196 1586 1288 1626 dicit,
1314 1595 1382 1618 non
1404 1585 1502 1624 dixit,
1526 1585 1560 1616 in
1576 1584 1708 1627 optimo

235 1631 372 1662 Barmii
389 1635 425 1662 et
441 1635 590 1672 utroque
607 1631 731 1664 Behot.
746 1631 902 1672 vittasque
918 1630 1112 1662 Pan—603
1138 1629 1235 1661 Idem
1262 1629 1373 1662 codex
1401 1638 1461 1669 pro
1484 1628 1585 1668 abigit
1606 1629 1711 1660 habet

235 1673 452 1706 abicit.—607
475 1674 573 1705 Unus
595 1673 719 1705 Behot.
747 1673 840 1705 Dan.
868 1674 949 1704 Put.
969 1674 1090 1704 Petav.
1106 1673 1211 1714 Lang.
1230 1673 1330 1704 Laur.
1348 1671 1498 1713 Lipsian.
1515 1670 1646 1702 Buslid.
1672 1675 1709 1702 et

236 1715 317 1748 edd.
334 1721 421 1748 vett.
436 1717 577 1753 vultum,·
593 1717 682 1748 alter
700 1716 823 1748 Behot.
841 1716 1001 1748 Petrens.
1019 1717 1106 1748 Exc.
1123 1715 1267 1747 cantab.
1283 1715 1421 1747 Tauria.
1440 1714 1510 1754 alii,
1527 1723 1604 1745 cum
1621 1712 1703 1745 edd.

236 1758 385 1791 Amstel.
409 1759 562 1791 Gronov.
587 1759 707 1791 Barth.
723 1760 835 1791 Veen.
851 1763 888 1790 et
910 1759 1037 1799 Delph.
1059 1759 1268 1790 vuum—609
1290 1758 1380 1790 Dan.
1410 1757 1494 1789 Put.
1520 1761 1556 1788 et
1582 1755 1706 1788 Petav.

195 1838 197 1842 ¹
233 1803 393 1843 proligit;
418 1806 562 1843 uterque
578 1803 704 1834 Behot.
723 1801 834 1842 Lang.
854 1797 956 1833 Lau‘r.
976 1801 1131 1842 Lipsian.
1155 1801 1288 1833 Busiid.
1313 1804 1350 1832 et
1373 1799 1453 1832 edd.
1481 1804 1562 1831 ante
1579 1797 1711 1830 Grono-

236 1844 340 1885 vium‚
360 1845 510 1885 proeium
533 1855 648 1876 omnes
665 1854 744 1876 vero
761 1844 970 1877 Gronoviani
986 1844 1087 1876 codd.
1110 1844 1248 1885 prolicit,
1273 1842 1364 1885 quod
1380 1843 1506 1883 primns
1523 1842 1581 1873 ille
1604 1841 1703 1873 resti·

238 1888 426 1920 tuin—612
451 1887 614 1930 Optimus
635 1888 865 1920 Bai-thianus:
888 1888 963 1919 olim
976 1888 1054 1918 satis
1068 1887 1145 1927 ulte,
1170 1886 1262 1929 quod
1286 1887 1344 1918 ilie
1370 1886 1507 1928 probat,
1533 1889 1569 1917 et
1593 1893 1708 1915 veram

913 1979 1059 2013 NOTAE

240 2045 494 2086 ascribendum,
510 2056 575 2077 non
593 2046 713 2079 virtuti
730 2046 851 2087 Tydei.
1045 2047 1110 2076 608
1134 2042 1280 2075 Aliumve
1295 2044 1336 2074 ad
1361 2042 1508 2084 imbrem]
1532 2041 1611 2073 Non
1633 2046 1710 2072 tan-

281 2099 344 2129 601
369 2098 522 2139 Atropos]
544 2097 623 2129 Una
653 2107 671 2128 e
699 2097 834 2128 Parcis.
880 2097 950 2128 Ex·
1005 2100 1076 2127 tum
1093 2094 1182 2125 enim
1201 2094 1338 2135 sangnis
1350 2092 1497 2132 infusus,
1508 2090 1567 2122 sed
1581 2090 1709 2131 vinum,

239 2147 328 2188 istis]
365 2148 544 2179 Evasistis.
590 2148 669 2182 Quo
690 2157 791 2178 sensu
815 2151 852 2179 et
872 2147 950 2178 Vir·
1006 2146 1086 2185 mel,
1101 2145 1155 2176 lac
1171 2146 1276 2177 etiam
1289 2143 1414 2176 infusa.
1459 2142 1548 2175 Vide
1563 2151 1678 2183 supra.

239 2199 339 2240 gilius
365 2199 443 2231 AEn.
471 2208 507 2231 v.
532 2198 646 2231 dixit:
670 2198 814 2240 ‘Atque
844 2198 951 2230 oculis
1047 2198 1112 2228 610
1134 2195 1257 2228 Aonius
1285 2194 1387 2234 vates]
1432 2193 1582 2225 Tiresias
1613 2195 1710 2224 vates

239 2249 460 2290 vigilantibus
485 2249 581 2281 exit.'
626 2250 718 2281 Bella
741 2249 872 2280 horrida
895 2258 950 2280 uo·
1004 2247 1199 2279 Thebanus.
1239 2245 1346 2287 Tyriae
1358 2243 1491 2285 Thebes]
1515 2243 1653 2275 Servius
1665 2242 1710 2274 ad

238 2299 301 2342 his]
324 2300 468 2341 Supple,
483 2303 681 2340 supersunt,
693 2299 745 2330 ve!
759 2299 950 2330 imminent.
1004 2296 1140 2330 AEneid.
1155 2305 1237 2328 vm.
1259 2297 1270 2314 ‘
1283 2294 1379 2327 Urbe
1392 2291 1564 2334 Mycena:
1585 2292 1711 2325 Graece

281 2353 347 2382 602
370 2350 478 2391 Atque
493 2350 609 2382 iterum
627 2348 763 2391 Tydeus]
779 2348 949 2390 Supplen-
1003 2346 1115 2378 dixit:
1154 2345 1246 2377 unde
1288 2344 1497 2386 singularem
1529 2351 1710 2375 numerum
1757 2351 1766 2358 ’

245 2400 341 2440 dum,
357 2404 525 2432 remanet.
1002 2397 1129 2440 posuit.
1167 2397 1325 2439 Mycene
1342 2400 1470 2433 autem,
1490 2395 1580 2428 sicut
1593 2394 1710 2426 Thebe

282 2453 346 2483 604
372 2449 500 2492 Cocyti]
528 2450 683 2491 Cocytus
706 2448 830 2481 fluvius
852 2446 949 2480 Infe-
1002 2447 1205 2481 Juvenalis:
1229 2447 1239 2465 ‘
1253 2446 1370 2489 Atque
1386 2450 1485 2479 vetus
1499 2444 1615 2478 Thebe
1628 2453 1710 2476 cen·

242 2510 373 2534 rorum.
1005 2503 1077 2531 tum
1109 2498 1210 2538 jacet
1245 2498 1367 2530 obruta
1404 2495 1536 2538 portis:
1587 2493 1708 2536 Tyria]

284 2554 347 2584 605
372 2550 463 2582 Deus
479 2550 561 2592 alea]
583 2550 778 2583 Mercurius
794 2549 836 2581 ob
853 2549 948 2591 plan·
1004 2548 1096 2582 Quia
1121 2548 1275 2580 Thebani
1297 2557 1318 2579 a
1349 2546 1466 2589 Tyriis
1491 2543 1640 2584 oriundi,
1669 2547 1710 2576 ut

245 2601 351 2634 tatia.
999 2600 1072 2642 jam
1089 2599 1250 2630 diximus.

284 2654 349 2684 606
374 2650 526 2692 Obliqua]
539 2650 852 2692 Hellenismus,pro
863 2648 950 2681 obli·
1045 2652 1108 2681 611
1132 2649 1319 2690 Amphionis
1332 2646 1433 2687 arces]
1456 2644 1605 2684 Thebas,
1629 2644 1710 2686 quia.

243 2711 321 2743 que.
367 2702 534 2743 Nepotem]
559 2702 750 2734 Eteoclem.
1002 2698 1177 2740 Amphion
1187 2698 1320 2730 Thebas
1335 2695 1502 2729 moenibus
1517 2695 1640 2735 cinxit,
1656 2704 1711 2741 arf

284 2755 348 2784 607
365 2753 442 2793 Ille]
460 2753 572 2785 Laius.
595 2752 684 2785 Vide
699 2752 776 2785 init.
788 2752 894 2785 Theb.
907 2760 949 2784 ιι.
1004 2751 1168 2793 cibusque
1181 2749 1336 2782 munivit.
