1820 3068
244 234 332 277 752
747 245 788 274 P.
822 243 1014 274 ΡΑΡιΝιι
1052 243 1220 275 εΤΑτιι

245 341 375 383 Talis
397 340 544 383 adhuc
565 338 785 393 trepidum
804 339 938 394 liquit
958 338 1233 395 Calydonius
1254 340 1385 382 heros
1412 334 1415 337 ’

245 410 514 458 Concilium,
531 407 787 449 infrendens
807 408 895 461 ipsi
918 421 1001 450 ceu
1022 421 1159 463 regna
1174 413 1412 462 negentur:

247 476 671 531 Festinatque‘via-s,
690 489 948 531 ramumque
967 478 1194 531 precantis
1214 478 1348 520 olivae

246 547 436 603 Abjicit.
481 544 695 587 Attonitae
716 548 940 586 tectorum
961 558 1021 586 ex
1039 545 1233 587 culmine
1255 558 1428 587 summo
1472 546 1480 552 '

247 617 547 671 Prospectant
565 616 743 664 matres,
766 625 984 667 saevoque
1005 612 1188 655 infanda
1205 621 1442 668 precantur

247 683 446 741 OEnidae,
465 683 695 738 tacitoque
718 683 853 725 simul
867 683 951 724 sub
972 687 1156 737 pectore
1177 683 1281 737 regi.

249 753 349 796 Nec
369 753 495 807 piger
515 752 691 805 ingenio
714 752 928 794 scelerum
947 751 1206 806 fraudisque
1225 750 1431 794 nefandae

247 821 416 865 Rector
436 825 557 875 eget:
584 820 798 875 juvenum
816 819 928 861 fidos
948 819 1198 861 lectissima
1215 821 1338 862 bello

1631 614 1717 656 480

245 951 325 983 serit
339 956 522 985 conventum
536 953 637 985 adhuc
651 957 845 994 trementem,
860 952 1043 994 infremens,
1065 957 1101 986 ut
1122 954 1152 986 si
1169 954 1233 997 ipsi
1246 965 1378 995 regumn
1391 956 1573 995 denegetur.
1596 960 1627 988 et
1640 966 1716 996 gru-

245 995 319 1026 dum
336 998 499 1036 accelerat,
520 1000 552 1029 et
574 997 681 1035 abjicit
696 996 847 1036 frondem
873 997 965 1029 olivoe
988 997 1140 1039 pacificoe.
1188 999 1406 1031 Consternata,-
1418 1002 1536 1031 πιαίνει
1547 1000 1720 1041 respiciunt

246 1047 263 1069 e
278 1039 537 1077 celsioreoezlium
551 1044 644 1081 tecto,
662 1044 694 1072 et
706 1041 795 1072 diras
809 1041 1020 1079 imprecantur
1034 1042 1154 1073 crudeli
1179 1043 1278 1074 (Επεὶ
1282 1043 1369 1084 filio,
1391 1053 1513 1084 unaque
1532 1043 1671 1084 principi
1684 1043 1717 1074 in

247 1082 357 1114 tacitis
369 1084 534 1116 mentibus.
566 1084 640 1115 Rex
653 1087 773 1125 autem,
785 1083 967 1124 ingeniosus
980 1085 1021 1116 ad
1036 1084 1243 1126 excogitanda
1257 1085 1391 1118 cn'mina
1404 1089 1437 1118 et
1446 1095 1607 1128 perversos
1619 1087 1718 1124 dolos,

859 1180 1019 1194 ‘0000‘aeae
1025 1180 1103 1194 ‘CO‘

247 1235 411 1268 Barthius
427 1234 611 1277 aliquando
623 1235 782 1277 legebat:
805 1237 1055 1269 luxavit.-—476
1074 1237 1164 1269 Dan.
1179 1237 1262 1270 Put.
1277 1237 1403 1270 Petav.
1425 1237 1658 1280 Lindenbrog.
1681 1243 1718 1272 et

247 1280 351 1311 Cruc.
381 1279 520 1320 linquit5
546 1280 579 1310 in
613 1280 712 1310 aliis:
748 1280 960 1321 &quite—477
987 1281 1162 1312 Consilium
1186 1281 1325 1313 Taurin.
1355 1281 1474 1313 Burm.
1503 1286 1541 1314 et
1567 1286 1717 1324 uterque

247 1322 391 1354 Behott.
414 1332 473 1354 ceu
483 1326 604 1364 sceptra
621 1323 731 1364 Lang.
745 1328 781 1355 et
796 1323 1110 1356 Barthiani.—479.
1126 1326 1191 1355 480
1215 1324 1312 1356 Unus
1327 1324 1452 1357 Behot.
1474 1334 1492 1356 e
1506 1325 1640 1363 camnine
1653 1335 1719 1358 ma·

246 1368 312 1398 tres
327 1365 515 1407 Prospectat
529 1376 661 1398 summo.
699 1366 791 1399 Put.
807 1367 932 1406 aliique
949 1366 1051 1398 codd.
1074 1368 1236 1408 Aspectat.
1280 1367 1347 1399 Sed
1375 1367 1418 1400 P.
1434 1368 1652 1406 Burmannus
1667 1378 1718 1401 re·

247 1413 386 1450 ceptam
414 1409 597 1440 lectionem
622 1408 780 1442 defendit
805 1409 848 1441 ad
875 1409 984 1442 Ovid.
1003 1409 1151 1442 Heroid.
1167 1410 1278 1450 Epist.
1298 1420 1332 1442 v.
1347 1412 1402 1443 63.
1446 1411 1537 1443 Vide
1551 1411 1661 1444 Theb.
1679 1420 1716 1444 v.

248 1453 436 1485 591.--483
460 1452 622 1484 Bai-thius
649 1452 705 1485 hic
731 1453 767 1484 in
790 1452 918 1485 Notis:
943 1453 1127 1492 fortissima
1154 1453 1232 1486 bello
1239 1464 1253 1492 ‚·
1274 1454 1413 1487 Tauria.
1437 1453 1602 1495 loetiaeinus
1629 1454 1718 1488 bello.

911 1538 1055 1572 No'rAE

248 1605 331 1638 setis
357 1605 445 1638 iram
472 1604 656 1637 denuntiat
680 1604 794 1645 hirtis,
817 1605 863 1637 Et
886 1605 957 1636 ruit

247 1656 399 1699 oppositi
412 1655 526 1687 nitens
541 1655 576 1687 in
592 1656 734 1687 vulnera
750 1655 847 1696 ferri,
857 1655 956 1687 Pres-

247 1717 317 1749 sus,
342 1710 380 1739 ct
403 1706 526 1738 emisso
552 1706 699 1738 moritur
726 1715 791 1747 per
815 1706 957 1738 vulnera

248 1756 344 1790 telo.’
403 1756 535 1798 Aprum
574 1757 750 1789 intellexit
787 1757 957 1789 Ausonius

247 1809 349 1851 Epig.
380 1811 413 1840 2.
445 1807 602 1840 ‘Cedere
636 1817 712 1850 quae
740 1808 812 1840 lato
845 1808 957 1840 nescit

246 1859 324 1892 fera
351 1859 468 1891 saucia
494 1858 601 1900 ferro,
628 1858 833 1901 Armatique
858 1863 959 1901 urget

247 1912 320 1944 tela
331 1915 477 1944 cruenta
490 1909 577 1942 viri-¹

290 1965 356 1996 476
381 1961 575 2004 Calydonius
588 1961 707 2003 Heras]
719 1961 871 2003 Tydeus.

291 2017 358 2047 4⁷8
381 2013 555 2046 Precuntis
585 2014 676 2044 olivae
699 2013 838 2054 Abjicit]
867 2013 959 2048 Quia

249 2065 423 2108 supplices
440 2069 477 2096 et
497 2068 680 2106 precantes
707 2074 838 2096 ramum
858 2065 957 2096 olivae

249 2120 388 2159 gestare
429 2115 535 2148 soliti.
588 2114 727 2156 Alv‘icit]
756 2115 870 2148 Quasi
895 2124 958 2156 spe

249 2167 347 2209 pacis
375 2166 525 2202 ademta,
550 2170 587 2198 et
611 2166 654 2198 ad
681 2166 807 2198 bellum
834 2175 956 2207 provo-

250 2228 344 2250 cans.

292 2272 359 2302 47⁹
391 2268 554 2301 rectorum
589 2278 630 2300 ex
664 2268 796 2300 culmine
823 2267 956 2308 summo]

249 2321 360 2354 Tecta
375 2324 528 2352 veterum
546 2320 649 2361 plana
669 2323 781 2359 erant,
804 2327 872 2350 non
891 2317 959 2349 fas-

250 2371 395 2413 tigiata3
430 2369 578 2412 ideoque
611 2373 694 2410 apta
719 2369 762 2401 ad
795 2373 957 2410 spectan-

250 2421 346 2454 dum.
390 2421 431 2453 In
448 2421 515 2452 illis
531 2420 702 2461 solarium,
715 2420 810 2452 locus
823 2419 958 2451 scilicet

251 2473 430 2512 subdialis,
461 2476 497 2503 et
527 2472 591 2503 soli
617 2471 807 2512 expositus,
832 2471 867 2502 in
890 2479 957 2512 quo

250 2524 451 2566 plerumque
502 2520 759 2563 apricabantur.
821 2520 957 2552 Morem

251 2583 386 2617 quoque
413 2573 503 2604 hunc
531 2571 717 2604 obtinuisse
744 2576 842 2613 patet
865 2571 957 2613 apud

250 2626 433 2665 Hebraeos,
447 2625 505 2667 qui
527 2633 631 2665 super
654 2623 758 2655 tectis
783 2632 887 2664 agere
904 2633 957 2655 so-

249 2676 320 2716 liti,
345 2675 431 2708 adeo
459 2679 497 2707 ut
523 2675 594 2707 Dei
624 2674 700 2716 lege
725 2674 866 2706 loricam
892 2674 956 2706 cir-

252 2726 557 2767 cumducerejussi
582 2724 663 2765 sint,
686 2724 730 2757 ad
756 2724 957 2756 evitandum

252 2778 446 2810 discrimen.
489 2777 687 2809 Deuteron.
719 2784 815 2811 xxn.
859 2775 957 2808 Idem

253 2828 354 2861 hodie
387 2829 420 2860 in
455 2827 629 2870 plerisque
662 2826 885 2860 orientalibus
914 2836 956 2859 ac

1009 1603 1293 1636 meridionalibus
1306 1603 1506 1646 regionibus
1520 1604 1638 1638 videre
1652 1608 1717 1637 est.

1010 1655 1182 1688 Romanos
1218 1655 1322 1689 etiam
1359 1656 1462 1689 tectis
1497 1656 1608 1698 planis
1637 1665 1717 1688 usos

1009 1707 1189 1738 Vitruvius
1206 1706 1266 1739 lib.
1283 1716 1324 1739 11.
1344 1707 1471 1750 aliique
1487 1711 1651 1739 auctores
1663 1717 1717 1739 re-

1012 1754 1142 1796 ferunt,
1157 1765 1285 1799 eosque
1301 1758 1336 1789 in
1358 1757 1460 1790 tectis
1475 1761 1664 1800 spectasse,
1675 1768 1717 1791 ac

1011 1806 1188 1848 lampadas
1206 1807 1396 1849 praetulisse
1411 1807 1551 1841 docent.

1055 1860 1120 1889 480
1143 1857 1298 1899 Savoque
1311 1857 1445 1898 infanda
1468 1862 1636 1900 precantur
1659 1859 1719 1891 OE·

1011 1907 1112 1948 nidoe]
1137 1908 1317 1940 Salvianus
1334 1909 1378 1940 de
1405 1909 1496 1941 Gub.
1512 1918 1571 1942 111.
1585 1910 1596 1927 ‘
1610 1909 1718 1943 Quic-

1013 1959 1093 2001 qnid
1115 1969 1182 1991 non
1209 1969 1388 2002 possumus
1414 1960 1592 2002 imbecilli,
1618 1966 1718 2002 opta-

1011 2019 1085 2042 mus
1112 2010 1206 2052 irati,
1233 2015 1270 2043 et
1295 2011 1330 2043 in
1354 2011 1447 2043 omni
1466 2011 1654 2044 animorum
1669 2011 1718 2044 in-

1011 2060 1226 2101 dignantium
1242 2066 1339 2093 motu
1362 2061 1462 2094 malis
1479 2062 1569 2094 votis
1584 2071 1648 2103 pro
1663 2072 1716 2094 ar-

1010 2111 1074 2143 mis
1103 2111 1255 2145 utimur!
1309 2111 1504 2153 Precantur]
1533 2111 1605 2144 Pro
1629 2112 1717 2144 ‘im-

1011 2162 1222 2205 precantur.’
1255 2163 1312 2195 Sic
1336 2162 1563 2204 Protreptico
1589 2163 1718 2205 Crispi-

1011 2213 1059 2254 ni,
1081 2214 1091 2231 ‘
1103 2213 1280 2255 Precatu‚’
1303 2223 1367 2255 pro
1386 2213 1651 2255 imprecatione,
1666 2213 1716 2245 di-

1012 2273 1072 2296 ra:
1090 2263 1139 2296 ita
1153 2264 1287 2297 Graecis
1311 2264 1370 2306 ἆρὰ
1391 2273 1455 2307 pro
1464 2263 1602 2306 κατάρα,
1618 2269 1654 2297 et
1669 2265 1718 2296 εὕ-

1010 2319 1122 2357 χεσθαι
1144 2316 1281 2358 precari,
1309 2326 1372 2358 pro
1395 2315 1584 2358 ἐπεύχεσθαι
1604 2315 1718 2358 impre-

1011 2367 1089 2399 cari.
1133 2367 1349 2399 Philoctetes
1376 2367 1468 2410 apud
1483 2367 1688 2409 Sophoclem
1706 2379 1714 2399 z

1011 2417 1107 2450 ὄλοιο·
1129 2417 1181 2450 σοὶ
1203 2418 1266 2459 γὰρ
1284 2414 1440 2451 πολλάκις
1462 2419 1550 2450 τοῦτ’
1574 2416 1715 2458 εὐξάμην.

1011 2469 1152 2502 Per-eas.-
1171 2469 1230 2501 Ιιοι·
1252 2469 1336 2501 enim
1360 2479 1441 2510 soepe
1455 2469 1515 2501 tibi
1530 2469 1717 2511 imprecatus

1010 2530 1085 2552 sum.
1134 2519 1284 2552 Ovidius
1297 2520 1341 2552 de
1356 2519 1573 2553 Philoctete:
1591 2519 1601 2538 ‘
1614 2519 1716 2551 Laer-

1012 2573 1184 2616 tiadaeque
1216 2573 1384 2615 precaris,
1426 2570 1529 2606 Quod
1565 2569 1717 2604 meruit!

1015 2624 1158 2665 OEm'dae]
1172 2623 1288 2666 Tydeo
1304 2623 1406 2656 OEnei
1420 2622 1514 2661 filio.

1054 2676 1117 2708 481
1137 2674 1305 2716 Tacitoque
1318 2673 1413 2706 simul
1420 2668 1619 2725 subg-<ctare
1630 2671 1715 2714 regi]

1010 2726 1129 2768 Tydeo
1154 2726 1266 2767 palam
1294 2728 1330 2758 et
1354 2725 1424 2758 alta
1447 2718 1715 2765 uficeimpreca-

1011 2777 1150 2820 bantur,
1163 2776 1225 2809 sed
1241 2776 1314 2818 regi
1329 2774 1419 2809 intus
1434 2774 1472 2810 iu
1486 2774 1611 2808 animo.
