1820 3068
644 184 929 218 THBBMDOS
963 184 1059 215 Lm.
1090 184 1121 214 1.

163 285 221 328 Et
237 284 468 338 conjurato
486 282 686 337 dejectos
707 279 869 323 vertice
890 279 1072 321 Dacos:

1523 175 1611 218 599

1552 280 1610 321 20

164 353 262 396 Aut
279 352 458 395 defensa
474 351 598 406 prius
617 350 698 392 vix
717 348 1067 404 pubescentibus
1087 347 1215 390 annis

163 474 277 511 nuta,
289 472 343 502 aue
355 468 433 500 baua
442 477 499 509 pro
513 467 593 498 Jove
603 465 693 507 prius
702 466 795 505 gesta
807 473 828 495 a
842 462 1024 496 Domitiano
1037 463 1095 495 vix
1111 463 1303 505 pubertatem
1315 463 1465 505 ingresso.
1501 464 1546 496 Et
1561 468 1611 509 tu,

765 549 783 561 0

165 610 252 643 Met.
266 619 300 643 v,
314 611 390 641 ³48.
434 606 524 639 Vide
539 604 717 638 Drakenb.
738 603 782 636 ad
808 603 868 636 Sil.
898 612 978 636 xvi.
1004 605 1167 636 ssa—20
1191 604 1356 637 Nonnulli
1371 603 1610 644 differta—21

817 696 962 732 No'rAE

169 775 279 804 totum
293 768 426 808 orbem,
449 767 504 800 vel
518 766 672 807 coloniis,
685 765 740 798 vel
756 763 862 797 foede-

169 821 274 861 ribus,
302 829 343 851 ac
370 818 577 851 commercio
614 819 790 854 tenerent,
824 819 864 846 ut

169 870 295 903 famam
312 869 430 902 invicti
455 868 559 910 regis,
574 872 735 909 tanquam
757 865 865 898 futuri

169 930 282 954 rerum
296 919 435 959 domini,
450 919 549 960 louge
565 919 702 959 lateque
719 925 781 958 per
794 925 865 947 om-

169 974 232 1006 nes
243 976 364 1014 gentes
373 969 517 1002 ferrent.
560 968 775 1000 Bisada-tum
788 965 865 1006 legi-

171 1023 227 1055 bus
246 1020 381 1062 ianm]
402 1018 572 1060 Intelligit
586 1018 704 1056 Dacos
715 1016 866 1048 Danubii

170 1073 319 1113 accolas,
342 1081 363 1104 a
387 1071 583 1102 Domitiano
609 1068 662 1100 bis
691 1068 866 1108 victos,ac

170 1125 263 1166 legas
277 1123 446 1155 Romanas
460 1120 616 1161 recipere
630 1122 781 1151 coactos.
817 1117 867 1149 ls-

170 1172 270 1215 tm]
290 1172 383 1205 Ister
402 1180 463 1203 seu
490 1169 670 1202 Danubius
692 1172 801 1205 ortus,
827 1171 867 1199 ut

171 1223 221 1257 ait
241 1223 373 1255 Plinius
386 1221 445 1254 lib.
461 1230 513 1254 ιν.
534 1231 611 1262 cap.
629 1223 682 1252 12.
707 1221 718 1238 ⁴
732 1219 765 1250 in
778 1218 866 1250 Ger-

171 1273 291 1306 maniae
307 1273 402 1315 jugis
421 1271 542 1304 montis
558 1269 727 1310 Abnobae,
742 1279 785 1301 ex
807 1268 867 1300 ad-

170 1333 271 1357 verso
289 1322 428 1356 Raurici
450 1322 573 1354 Galliae
595 1320 727 1362 oppidi,
753 1318 866 1351 multis

171 1375 265 1408 ultra
289 1373 394 1416 Alpes
409 1372 569 1412 millibus,
582 1382 622 1403 ac
641 1380 701 1412 per
714 1372 866 1402 innume-

171 1435 228 1458 ras
246 1429 366 1467 gentes
394 1424 517 1465 lapsus·
536 1421 688 1454 Danubii
717 1421 866 1461 nomine,

170 1477 333 1510 immenso
345 1483 506 1517 aquarum
519 1477 634 1513 auctu,
646 1476 682 1504 et
695 1471 785 1505 uude
800 1471 867 1513 pri·

171 1531 264 1558 mum
292 1524 469 1567 Illyricum
496 1523 607 1562 alluit,
634 1514 726 1555 Ister
752 1522 869 1563 appel·

171 1578 277 1618 latus,
314 1575 491 1616 sexaginta
523 1573 676 1605 amnibus
709 1572 872 1614 receptis,

172 1627 285 1662 medio
318 1625 427 1659 ferme
461 1633 576 1656 eorum
613 1623 810 1665 navigabili.
835 1622 869 1654 in

171 1682 315 1720 pontum
329 1675 433 1708 vastis
447 1684 519 1715 sex,
529 1674 598 1715 vel,
609 1678 647 1705 ut
658 1673 727 1713 alii,
739 1677 871 1714 septem

172 1727 368 1760 fluminibus
393 1723 580 1757 evolvitur?
623 1723 737 1756 Hodie
764 1732 866 1755 voca·

175 1783 233 1811 tur
249 1778 376 1810 omn.

214 1831 257 1861 20
283 1829 328 1860 Et
349 1826 509 1867 conjurato
522 1825 653 1865 deiectos
668 1824 783 1856 vertice
797 1824 866 1855 Da-

174 1878 242 1920 cos]
255 1878 358 1918 Daci,
372 1876 489 1920 populi
501 1874 802 1914 Transdanubiani‚
811 1874 870 1916 qui

175 1930 218 1963 ad
242 1929 529 1972 septemtrionem
558 1925 732 1967 Carpatho
755 1929 871 1957 monte

175 1990 196 2013 a
215 1979 353 2013 Polouis
367 1977 662 2015 disterminantur,
674 1975 873 2017 habentque

179 2029 224 2062 ad
253 2029 421 2062 Occasum
443 2026 620 2059 Tibiscum
645 2024 803 2056 fluvium:
830 2024 873 2056 ad

177 2079 359 2122 Meridiem
382 2086 463 2109 vero
482 2080 520 2108 et
541 2075 667 2107 Ortum
689 2075 731 2107 ad
754 2076 873 2107 Danu-

178 2129 271 2163 bium
288 2138 393 2170 usque
407 2125 652 2159 extenduntur.
695 2124 811 2157 Hodie
823 2124 873 2155 di-

178 2179 342 2212 viduntur
358 2178 393 2210 in
408 2178 523 2219 plures
538 2176 695 2217 populos,
715 2175 874 2216 Transyl-

179 2238 298 2269 vanos,
311 2227 586 2270 Zypserlandios,
602 2226 753 2266 Rascios,
762 2225 871 2257 Servi-

183 2289 235 2319 os,
259 2283 297 2311 et
313 2280 494 2321 Bulgaros.
551 2277 726 2310 Dicuntur
747 2276 873 2319 dejecti

183 2329 323 2370 vertice,
345 2330 425 2371 quia
444 2330 517 2362 haec
536 2338 618 2371 gens
639 2329 809 2361 montibus
824 2329 875 2360 iu-

181 2379 349 2419 haerebat,
360 2383 399 2410 ut
410 2378 603 2410 observavit
619 2379 740 2410 Florus
754 2379 813 2411 lib.
824 2388 874 2412 ιν.

182 2430 193 2448 ‘
209 2430 297 2462 Daci
316 2428 487 2461 montibus
510 2427 701 2460 inherent!
744 2428 802 2460 Ob
826 2428 876 2460 id-

184 2489 251 2522 que
272 2479 437 2520 Papinius
466 2487 602 2519 semper
622 2478 707 2510 banc
737 2482 874 2520 gentem

184 2539 247 2571 per
260 2529 271 2547 ⁴
283 2534 432 2561 montem
441 2527 451 2542 ’
465 2527 636 2569 designat.
661 2529 760 2571 Equo
775 2528 874 2560 Max-

186 2580 255 2611 imo
271 2590 280 2611 :
303 2580 313 2597 ‘
324 2579 374 2610 Tu
389 2578 521 2610 tardum
537 2578 572 2608 in
583 2577 715 2610 foedera
727 2582 875 2610 montem

188 2630 305 2670 Longo
323 2629 436 2661 Marte
458 2627 598 2660 domas.'
639 2629 686 2661 Et
702 2629 876 2671 Lacrymis

191 2679 345 2712 Etrusci:
368 2680 378 2697 ‘
394 2679 482 2711 Haec
497 2683 562 2719 est,
584 2689 662 2721 quae
681 2680 779 2712 victis
801 2690 877 2722 par-

192 2730 302 2762 centis
322 2728 453 2762 foedera
470 2729 595 2771 Cattis,
609 2731 766 2773 Quaeque
780 2740 876 2764 snum

913 765 1017 797 donat
1030 765 1138 797 Dacis
1151 765 1335 798 clementia
1350 765 1525 798 montem.'
1546 766 1613 798 Ve-

916 815 1055 848 risimile
1082 821 1136 848 est
1157 816 1272 856 etiam,
1289 826 1405 848 eorum
1428 816 1557 858 regiam
1580 817 1612 847 in

917 866 1105 899 editissimo
1144 867 1257 908 aliquo
1304 876 1344 899 ac
1389 867 1614 898 munitissimo

917 922 1032 950 monte
1052 917 1151 948 sitam
1166 916 1283 954 fuisse,
1307 922 1345 949 ut
1360 922 1458 958 patet
1477 927 1519 949 ex
1533 918 1615 949 Dio·

918 968 971 999 nis
983 968 1154 1009 Epitome,
1165 967 1225 999 ubi
1239 967 1369 999 bellum
1383 966 1522 1008 Trajani
1537 976 1616 999 cum

918 1019 1027 1051 Dacis
1050 1018 1269 1058 describitur,
1284 1027 1451 1060 quamque
1475 1017 1520 1049 ob
1541 1027 1617 1049 eam

920 1070 1087 1102 rationem
1112 1069 1279 1110 Papinius
1306 1070 1425 1109 etiam,
1453 1069 1463 1087 ‘
1478 1069 1616 1101 domum

920 1120 1060 1152 arduam
1082 1118 1188 1152 Daci'
1213 1123 1327 1151 vocat.
1370 1119 1502 1151 Eodem
1518 1120 1617 1161 Equo

920 1171 1097 1203 Maximo:
1120 1171 1130 1188 ‘
1143 1171 1190 1202 Et
1211 1170 1349 1202 attoniti
1366 1170 1484 1202 domus
1507 1170 1617 1202 ardua

918 1220 1033 1253 Daci.’
1088 1220 1271 1261 cmiv-uto]
1312 1221 1518 1262 Hypallage,
1555 1230 1618 1262 pro

918 1271 1133 1313 ‘conjuratos
1156 1269 1296 1302 Dacos!
1340 1271 1387 1303 Et
1396 1271 1475 1302 binc
1488 1270 1620 1311 colligi-

920 1332 1004 1358 mus,
1029 1321 1143 1353 forsan
1167 1322 1272 1353 moris
1296 1320 1402 1354 fuisse
1429 1322 1549 1362 Dacis,
1566 1328 1619 1362 ut,

920 1383 997 1406 cum
1025 1373 1113 1404 bello
1150 1377 1368 1414 urgerentur,
1396 1372 1621 1414 confugerent

920 1423 953 1454 in
980 1423 1073 1454 illum
1095 1427 1258 1461 montem,
1280 1427 1317 1455 et
1345 1428 1442 1455 certo
1470 1423 1619 1465 quodam

922 1475 990 1506 ritu
1004 1474 1223 1514 conjurarent
1237 1478 1357 1506 contra
1370 1475 1515 1507 hostem.
1549 1476 1620 1507 Cur

922 1525 1012 1557 enim
1042 1525 1136 1556 illum
1172 1524 1357 1557 ‘verticem
1383 1524 1621 1567 conjuratum'

923 1574 1135 1616 appellaret?
1157 1574 1259 1608 Quod
1273 1574 1379 1606 etiam
1403 1574 1519 1607 facere
1538 1585 1621 1607 cou-

922 1630 1105 1658 sueverant
1125 1625 1244 1657 hausta
1265 1634 1354 1667 aqua
1380 1635 1425 1657 ex
1449 1625 1556 1663 Istro,
1582 1630 1622 1658 ut

925 1675 1086 1707 observat
1102 1675 1225 1709 Junius
1239 1675 1476 1718 Philargyrius
1491 1686 1534 1708 ex
1549 1675 1622 1708 Au·

918 1725 999 1757 fidio
1026 1725 1187 1757 Modesto
1220 1725 1265 1757 ad
1292 1725 1378 1757 illud
1418 1725 1550 1767 Georg.
1577 1735 1619 1758 ιι.

923 1774 1016 1807 ‘Aut
1051 1775 1229 1817 conjurato
1259 1775 1470 1808 descendens
1500 1777 1620 1808 Dacus

922 1825 966 1858 ab
980 1825 1099 1857 Istro.'
1135 1827 1183 1858 Et
1195 1826 1404 1859 Prudentius
1419 1827 1454 1859 iu
1469 1827 1621 1869 Symma-

924 1877 1024 1908 chum
1047 1876 1090 1908 de
1114 1875 1254 1908 Alarico
1280 1877 1453 1909 Dacorum
1478 1887 1559 1919 rege
1575 1879 1624 1910 lo-

927 1937 1033 1968 quens
1047 1937 1056 1958 :
1081 1928 1091 1944 ‘
1102 1927 1268 1959 Tentavit
1280 1927 1426 1960 Geticus
1440 1938 1550 1970 nuper
1565 1930 1623 1961 de-

926 1976 999 2008 lere
1016 1981 1179 2018 tyrannus
1194 1976 1466 2018 Italiam‚patrio
1481 1978 1623 2011 veniens

923 2027 1061 2069 juratus
1075 2026 1118 2059 ab
1130 2026 1251 2059 Istro!
1291 2028 1338 2059 Et
1354 2028 1562 2061 Claudianus
1580 2030 1623 2061 de

926 2077 1061 2117 eodem,
1076 2077 1164 2108 libro
1178 2076 1221 2108 de
1233 2077 1334 2109 Bello
1355 2078 1487 2110 Getico
1501 2090 1509 2109 ε
1532 2080 1542 2097 ‘
1555 2080 1624 2113 Qui

925 2132 1054 2160 cuncta
1064 2127 1130 2159 sibi
1143 2137 1283 2159 cessura
1298 2129 1412 2160 ruenti
1428 2129 1623 2171 Pollicitus,

926 2178 1030 2220 patrii
1043 2187 1168 2210 numen
1177 2178 1362 2219 juraverat
1371 2179 1553 2220 Istri‚Non
1572 2180 1623 2211 ni-

924 2228 953 2260 si
982 2228 1123 2259 calcatis
1144 2227 1283 2259 loricam
1305 2238 1432 2269 ponere
1468 2230 1625 2263 Rostris!

925 2278 1026 2310 Getae
1049 2278 1138 2309 enim
1168 2282 1206 2310 et
1232 2278 1322 2310 Daci
1344 2289 1411 2311 una
1435 2280 1623 2322 eademque

927 2337 1011 2369 gens
1036 2337 1082 2359 ex
1106 2327 1221 2359 Plinio
1259 2328 1320 2360 lib.
1344 2338 1398 2361 iv.
1422 2339 1498 2370 cap.
1512 2333 1563 2361 12.
1586 2336 1625 2363 et

926 2377 1082 2420 Horatio,
1093 2378 1151 2410 lib.
1167 2387 1225 2410 ιιι.
1251 2378 1320 2410 Od.
1337 2382 1369 2411 8.
1386 2379 1429 2411 ad
1450 2380 1623 2412 Maecena·

927 2433 1020 2461 tem:
1051 2428 1219 2461 ‘Occidit
1244 2429 1335 2461 Daci
1362 2430 1534 2461 Cotisonis
1563 2440 1623 2472 ag-

927 2478 1028 2512 men!
1073 2480 1183 2513 Quem
1208 2479 1404 2511 Cotisonem
1428 2481 1625 2523 Suetonius,

928 2530 1085 2571 Augusto
1113 2540 1191 2571 cap.
1203 2532 1258 2561 63.
1275 2536 1377 2562 vocat
1390 2530 1558 2564 Getarum
1570 2543 1624 2565 re-

930 2591 1018 2622 gem.
1060 2580 1186 2613 Strabo
1202 2584 1316 2612 tamen
1341 2581 1449 2613 Getas
1475 2583 1625 2615 collocat

930 2632 1033 2672 magis
1053 2631 1095 2662 ad
1120 2635 1231 2662 ortum
1260 2641 1388 2670 versus,
1414 2637 1450 2665 et
1474 2633 1624 2666 Pontum

931 2682 1120 2720 Euxinum
1144 2682 1262 2714 Dacos
1281 2691 1361 2715 vero
1383 2683 1427 2715 ad
1451 2683 1623 2716 Occiden-

932 2737 1015 2765 tem.
