1820 3068
0 897 12 906 ,Α
71 865 196 904 1⁹¹¹&ss

562 234 846 267 THEBAmos
880 234 927 265 Li
939 235 976 265 Β.
1008 234 1052 263 V.

1452 223 1539 264 959

77 331 168 374 Illa
188 331 375 387 Paphon
390 333 585 373 veterem
603 335 870 383 centumque
888 329 1044 371 altaria
1063 329 1286 383 linquens,

75 398 175 441 Nec
195 399 331 450 vultu,
350 411 431 440 nec
452 398 570 440 crine
585 398 720 452 prior,
741 396 930 438 solvisse
942 397 1143 451 Jugalem

75 466 257 518 Ceston,
277 471 322 509 et
340 465 511 508 Idalias
532 465 686 520 procul
705 464 941 518 ablegasse
962 465 1170 506 volucres

76 533 258 575 Fertur:
288 535 411 575 erant
425 535 560 583 certe,
581 531 731 573 media
750 544 851 586 quae
874 532 1018 573 noctis
1038 532 1084 573 in
1107 531 1268 572 umbra

75 601 256 652 Divam,
276 601 390 643 alios
411 601 537 654 ignes
558 600 813 655 maioraque
834 599 923 640 tela
944 603 1178 653 gerentem,

1479 599 1537 642 65

73 667 314 711 Tartareas
333 668 444 710 inter
464 666 675 709 thalamis
695 667 913 708 volitasse
932 678 1110 708 sorores

78 782 160 819 tora,
182 782 214 811 et
229 779 358 811 venitm
371 779 523 820 supplicia
542 778 633 810 tardo
653 777 744 818 pede.
786 776 849 807 Illa
864 777 1010 807 deserens
1023 773 1184 816 antiquam
1203 774 1345 816 Paphon,
1362 778 1393 806 el
1418 777 1540 806 centum

73 831 161 860 erus,
176 828 232 853 nec
245 822 352 854 eadem
369 822 467 860 sacie3
489 831 545 852 nec
571 820 669 859 crine,
693 828 752 860 quo
773 819 876 860 prius,
900 818 1018 850 dicitur
1043 819 1166 849 laxasse
1180 818 1351 858 nuptiali-m
1368 818 1495 858 Ceston,
1508 822 1539 848 et

197 864 315 905 begine
329 864 450 896 Idalias
461 873 543 895 aues.
572 862 678 894 Erant
692 871 767 893 rane
782 862 936 897 mulieres,
952 871 1021 902 «μισ
1035 860 1230 901 publicarent
1246 860 1362 899 Deam,
1375 863 1538 899 gerentem
1556 887 1559 889 .

74 907 158 939 olias
166 905 327 947 flammas,
348 910 381 939 et
402 907 574 947 grandiora
590 905 712 946 jactata,
733 913 791 946 per
810 904 922 936 medioe
935 903 1037 935 noctis
1051 903 1194 936 tenebras
1208 904 1292 935 inter
1306 903 1474 934 Tartareas
1488 913 1538 934 so-

729 995 875 1028 NOTAE

3 1084 5 1088 ,
71 1060 217 1094 claudo!
259 1062 414 1103 Poenam,
443 1071 542 1103 quam
571 1069 689 1093 omnes
719 1060 779 1092 im-

73 1111 171 1153 probi
190 1112 271 1144 Deo
294 1111 436 1153 debent,
451 1111 623 1144 interdum
647 1110 780 1144 omittit

74 1161 185 1199 Deus,
196 1160 259 1193 sed
274 1170 341 1194 non
352 1160 665 1202 remittit;mnpliat
677 1170 779 1205 quosf

0 1204 5 1214 ¹
73 1211 151 1244 dam
166 1211 202 1244 in
216 1220 277 1244 suo
295 1212 391 1254 justo
400 1212 546 1254 judicio,
561 1212 621 1243 sed
636 1221 702 1243 non
718 1211 778 1243 ab·

3 1291 7 1295 .
73 1262 196 1303 solvit3
224 1261 380 1295 debitum
408 1262 524 1295 statim
552 1271 621 1294 non
658 1261 778 1303 exigit,

8 2234 14 2243 ⁴·
18 2198 22 2199 ,
0 1817 22 2183 TQW⁴W³IWQW⁷
0 1729 12 1806 ινα-ν
0 1712 3 1720 v<
0 1631 13 1698 *Vn-⁸2
0 1615 2 1620 .
0 1592 14 1604 :-
0 1568 2 1572 .
0 1522 6 1530 ,Ἰ
0 1502 6 1510 ,
0 1436 10 1444 z
0 1389 6 1396 ⁶

72 1311 134 1345 sed
164 1322 242 1345 cum
265 1312 398 1346 foenore
423 1313 623 1345 solvendum
646 1311 775 1344 differt.

73 1362 276 1396 Bernartiu-

115 1416 157 1445 61
184 1413 333 1454 Puplum]
370 1413 522 1454 Paphos,
552 1412 635 1445 urbs
667 1412 775 1454 Cypri

73 1461 206 1504 insule,
220 1463 255 1495 in
277 1473 346 1506 qua
358 1463 476 1495 Venus
499 1463 660 1504 religiose
682 1464 775 1495 cole-

73 1512 189 1554 batur,
210 1518 247 1546 et
268 1518 408 1546 centum
437 1513 588 1546 habebat
616 1523 707 1554 aras,
737 1518 775 1546 ut

72 1563 216 1596 tradunt
239 1563 296 1595 hic
332 1564 513 1605 Papinius,
542 1568 577 1596 et
606 1564 774 1605 Virgilius

72 1612 211 1646 AEneid.
237 1622 265 1646 r.
308 1612 417 1657 ‘Ipsa
444 1613 601 1655 Paphum
622 1614 774 1646 sublimis

73 1661 159 1699 abit,
173 1662 339 1706 sedesque
354 1663 474 1696 revisit
495 1663 578 1705 Ipsa
594 1673 670 1696 suas
684 1674 693 1696 ι
716 1663 777 1696 ιὼί

73 1713 240 1755 templum
251 1713 530 1756 illi,centumque
546 1714 669 1747 Sabaeo
684 1715 774 1749 Thu-

73 1771 113 1794 re
139 1763 257 1796 calent
281 1773 364 1806 aroe,
383 1764 554 1806 sertisque
580 1764 776 1797 recentibus

72 1811 212 1845 haim:
587 1839 589 1841 .

79 1870 83 1878 ·
113 1864 158 1895 62
178 1863 328 1903 aug-alem
344 1863 473 1905 Ceston]
495 1863 633 1904 Cestos,
654 1863 774 1904 cingu-

71 1910 143 1946 lum
169 1913 327 1955 Veneris,
338 1914 436 1955 cujus
450 1914 636 1955 descriptio
651 1913 775 1945 viden·

74 1960 120 1994 da
156 1962 249 2007 apud
278 1962 465 1996 Homerum
502 1963 603 1996 Iliad.
637 1967 677 1996 Ο.
707 1973 774 2006 quo

74 2011 194 2046 Venus
227 2013 395 2056 cingitur,
419 2015 574 2048 omnibus
603 2015 773 2047 illecebris

73 2064 338 2107 nuptiarumque
380 2065 630 2107 cupiditatibus
659 2065 776 2097 elabo-

73 2118 202 2155 ratum,
221 2123 288 2156 qno
314 2115 531 2147 matrimonia
550 2115 679 2148 dicitur
703 2115 775 2147 alli-

74 2171 167 2204 gare.
622 2196 627 2201 ,

115 2217 158 2247 93
180 2215 300 2248 Idalias
311 2216 464 2257 uolucres]
478 2215 600 2248 Idaliae
616 2217 774 2248 volucres

8 2249 25 2302 2
74 2270 154 2298 sunt
169 2267 349 2304 columbae,
372 2269 427 2300 vel
454 2267 567 2309 cycni,
591 2269 644 2300 vel
659 2277 776 2310 passe·

19 2329 27 2349 2
74 2324 143 2356 res,
167 2326 252 2358 quos
279 2318 395 2350 currui
421 2328 482 2350 suo
506 2319 623 2361 jungit
649 2320 776 2351 Venus.

74 2366 204 2408 Idalia]
238 2368 330 2402 Quia
354 2368 500 2401 Idalium
523 2369 690 2411 oppidum
716 2379 774 2401 ne-

26 2427 27 2430 *
72 2425 219 2458 musque
237 2417 272 2450 iu
287 2417 403 2459 Cypro
426 2418 536 2450 insula
555 2423 633 2451 erat
646 2419 775 2451 Veneri

74 2474 220 2497 sacrum.

113 2518 156 2548 6⁶
178 2516 270 2548 Alios
281 2516 386 2559 ignes]
422 2521 433 2536 ⁸
448 2517 568 2549 Habet
592 2518 706 2559 enim,'
726 2518 775 2551 ait

73 2565 288 2609 taetantius,
307 2568 320 2586 ‘
331 2568 448 2600 Venus
464 2569 559 2610 ignes
575 2579 666 2601 nunc
680 2570 774 2611 cupi-

75 2615 204 2657 ditatis,
214 2626 304 2649 nunc
317 2617 399 2659 odii,
411 2619 597 2650 secundum
608 2617 710 2650 fidem
723 2629 774 2651 sa-

74 2674 221 2707 crorum,
255 2668 312 2699 vel
350 2668 584 2709 precationum
627 2668 775 2700 Veneris

73 2715 298 2750 Verticordiae
313 2718 503 2761 praecipue,
528 2728 605 2762 quae
621 2724 776 2761 rogatur,

74 2769 115 2800 ut
126 2776 259 2800 amores
269 2767 415 2811 injiciat,
428 2778 561 2801 rursum
572 2773 612 2801 ut
626 2768 770 2802 auferat.

829 1059 866 1091 Si
879 1058 969 1091 enim
986 1062 1139 1100 potestas
1162 1061 1218 1091 est
1231 1057 1350 1099 dandi,
1368 1057 1538 1091 nihilomi-

831 1109 961 1150 nusjus
985 1114 1038 1140 est
1055 1109 1211 1149 tollendi,
1226 1114 1276 1148 et,
1293 1118 1407 1140 amore
1424 1108 1539 1140 subla-

832 1163 884 1199 to,
913 1164 973 1192 aut
1003 1159 1210 1191 naturaliter
1249 1158 1365 1190 odium
1397 1158 1541 1199 residet,

833 1209 1125 1242 autimmittitnd
1151 1209 1202 1241 Ut
1215 1209 1401 1250 Virgilinst
1426 1208 1536 1242 ‘Quae

831 1259 910 1291 mihi
934 1251 1061 1292 reddat
1082 1269 1174 1301 eum,
1202 1259 1256 1290 vel
1279 1268 1321 1290 eo
1346 1268 1401 1290 me
1426 1259 1538 1291 solvat

830 1309 1026 1342 amantem!
1070 1310 1150 1343 Non
1167 1310 1274 1341 solum
1291 1313 1408 1341 autem
1425 1308 1539 1340 credi·

829 1366 901 1394 tum
917 1367 985 1403 est,
1008 1362 1178 1393 Venerem
1197 1370 1344 1392 amorem
1365 1369 1406 1391 ac
1421 1359 1536 1391 odium

827 1412 993 1444 inducere
1022 1421 1135 1454 posse,
1172 1411 1233 1443 sed
1271 1410 1374 1442 etiam
1403 1415 1538 1442 mentes

827 1464 994 1506 virginum
1018 1464 1270 1504 mulierumque
1292 1472 1312 1494 a
1336 1462 1479 1493 libidine
1493 1461 1537 1493 ad

827 1514 1028 1556 pudicitiam
1045 1518 1261 1556 convertere.
1299 1512 1402 1544 Unde
1418 1512 1536 1544 Romae

828 1570 979 1597 erectum
997 1564 1063 1596 fuit
1087 1564 1135 1595 illi
1153 1564 1317 1604 templum
1342 1566 1442 1594 extra
1458 1571 1537 1603 por-

828 1619 896 1647 tam
914 1615 1082 1646 Collinam
1101 1614 1155 1645 via
1187 1613 1321 1645 Salaria
1344 1612 1408 1644 sub
1435 1613 1536 1645 titulo

828 1665 974 1697 Veneris
999 1663 1253 1703 Verticordiae;
1276 1673 1366 1703 cum,
1391 1669 1535 1695 auctore

824 1716 847 1749 J
854 1716 922 1748 ulio
937 1716 1174 1756 Obsequente,
1191 1720 1262 1747 tres
1289 1723 1355 1747 uuo
1379 1718 1536 1755 tempore

828 1767 978 1808 virgines
1006 1767 1166 1798 Vestales
1200 1766 1420 1798 nobilissimae
1458 1776 1535 1798 cum

828 1817 998 1849 nonnullis
1020 1817 1193 1859 equitibus
1221 1816 1384 1848 Romanis
1412 1816 1538 1848 incesti

829 1876 963 1908 poeuam
989 1867 1137 1899 subiere.
1183 1867 1230 1898 Et
1254 1865 1363 1897 refert
1378 1865 1537 1898 Valerius

830 1917 1003 1949 Maximus
1021 1917 1205 1959 Sulpitiam
1223 1918 1267 1950 Q.
1284 1916 1397 1949 Fulvii
1421 1917 1538 1948 Flacci

828 1978 970 2000 uxorem
991 1969 1126 2001 cunctis
1153 1969 1317 2001 castitate
1357 1967 1536 2010 prae‘latam

828 2026 917 2059 esse,
950 2029 1026 2052 cum
1055 2019 1202 2051 Senatus
1226 2019 1322 2051 libris
1358 2019 1536 2060 Sibyllinis

830 2078 891 2110 per
905 2070 1131 2101 Decemviros
1147 2069 1312 2110 inspectis
1334 2069 1537 2108 censuisset,

829 2123 869 2150 ut
920 2119 1068 2150 Veneris
1119 2117 1347 2150 Verticordiae
1398 2117 1536 2150 simula·

830 2177 927 2200 crum
971 2173 1245 2208 consecraretur,
1292 2177 1359 2209 quo
1401 2166 1536 2199 facilius

828 2219 996 2260 virginum
1020 2219 1268 2260 mulierumque
1296 2227 1392 2250 mens
1416 2228 1436 2249 a
1461 2218 1536 2250 libi-

828 2268 909 2300 dine
946 2269 988 2300 ad
1030 2268 1232 2310 pudicitiam
1263 2272 1535 2308 converteretur,

830 2322 925 2350 etex
950 2318 1107 2350 omnibus
1131 2318 1307 2355 matronis,
1330 2327 1374 2350 ex
1395 2323 1534 2350 centum

830 2372 945 2400 autem
961 2368 1083 2400 decem
1108 2372 1202 2401 sorte
1227 2368 1355 2408 ducta,
1376 2368 1420 2400 de
1437 2378 1533 2400 sanc-

830 2418 963 2450 tissima
997 2418 1137 2450 foemiua
1168 2418 1337 2460 judicium
1364 2418 1534 2452 facerent.

827 2467 953 2499 Similis
971 2467 1125 2500 vocabuli
1146 2469 1264 2500 Venus
1283 2469 1375 2510 apud
1400 2469 1534 2502 Theba·

827 2527 889 2549 nos
912 2517 991 2552 fuit.
1037 2518 1125 2550 Nam
1166 2518 1356 2551 Harmonie
1385 2519 1533 2551 Veneris

828 2567 1040 2610 ἀποπροφίας
1059 2569 1276 2600 simulacrum
1301 2570 1533 2610 consecravit,

829 2618 919 2660 quod
937 2620 981 2651 ab
997 2620 1120 2660 exlege
1140 2619 1334 2660 cupiditate
1360 2626 1396 2653 et
1421 2621 1531 2653 inces-

827 2669 872 2700 tis
888 2669 1016 2710 stupris
1035 2678 1142 2710 genus
1156 2669 1329 2702 hominum
1346 2675 1530 2703 averteret.

827 2719 1017 2751 Pausanias
1054 2719 1090 2751 in
1124 2719 1300 2752 Boeoticis.
1345 2721 1531 2764 Major-aque

826 2769 904 2811 tela]
925 2769 1016 2802 Telis
1030 2770 1154 2802 amoris
1167 2770 1301 2812 supple.
