1820 3068
196 214 282 257 726

699 228 740 259 P.
776 229 967 261 PAPINII
1000 229 1165 262 STATH

195 321 257 363 Et
277 321 435 365 Pallas
457 321 614 364 deceat
633 323 877 377 pharetras,
898 328 943 366 et
962 324 1094 380 Delia
1113 327 1284 369 cristas.

195 387 378 431 Certant
395 390 570 441 laetitia,
589 390 871 445 Superosque
891 391 935 432 in
954 396 1059 434 vota
1076 393 1267 447 fatigant

195 453 445 508 Inachidae,
467 470 571 512 quae
590 459 752 513 cuique
773 458 944 509 domne,
963 461 1167 515 sacrique
1185 461 1393 504 facultasa

1575 418 1667 506 ὦ

197 522 266 564 Ηί
285 523 426 576 tibris,
444 526 681 582 animaque
697 526 840 579 litant,
860 526 907 568 hi
923 528 1096 582 cespite
1116 529 1259 571 nudo:

199 589 299 633 Nec
319 592 468 635 minus
489 594 644 645 auditi,
664 595 704 636 si
723 607 850 637 mens
870 599 1062 650 accepta
1080 603 1273 638 meretur

196 711 270 740 rent
286 707 426 746 Palladi,
449 712 480 740 et
494 709 599 741 cm'stoe
613 710 744 743 Dianoe.
786 710 906 751 Argivi
919 711 1065 743 certatim
1082 714 1238 753 exultant,
1259 716 1290 744 et
1301 712 1444 754 precibus
1467 713 1584 745 lassant
1600 712 1662 747 Su-

194 760 299 791 peros,
320 754 357 782 ut
370 751 478 792 cuique
490 753 626 790 fortuna
639 757 699 794 est,
721 757 753 785 et
772 754 916 793 facultas
939 755 1026 785 sacri
1040 754 1196 792 faciendi.
1242 755 1293 786 112·
1307 755 1485 797 sacrificant
1497 754 1642 786 victimas
1651 765 1666 792 ,-

197 793 233 825 1ιί
244 793 342 825 litant
353 794 418 825 solo
430 795 594 834 gramine:
616 806 673 828 nec
685 797 788 828 minus
798 797 902 836 grati,
923 797 954 828 si
973 807 1071 837 purus
1089 798 1212 830 animus
1233 799 1362 830 numina
1381 798 1443 830 sibi
1459 798 1549 830 thure
1563 797 1664 829 conoi-

813 879 955 891 eeeeee

956 879 1054 892 ooooo

198 940 348 969 recentt.
372 940 565 980 mutatosque
585 939 707 977 velint,·
727 940 817 982 quod
835 940 959 981 probat
980 940 1314 972 Burmannus—243
1336 940 1347 958 ‘
1363 939 1508 981 stupide
1533 940 1567 972 in
1582 948 1666 972 non-

199 979 303 1012 nullis
319 981 571 1022 exemplaribus
585 983 745 1024 scriptis:
775 984 817 1014 Et
829 984 937 1014 Pallas
949 983 1081 1015 doceat!
1095 983 1324 1016 Barim—245
1349 984 1358 1002 ‘
1375 983 1418 1014 In
1429 983 1560 1024 optimo
1574 982 1665 1014 libro

201 1027 256 1054 est
277 1022 375 1054 sacris

375 1033 444 1064 que,
465 1024 527 1055 sed
552 1024 762 1066 perperam!
776 1025 985 1057 Idem—247
1006 1025 1016 1043 ‘
1030 1026 1145 1058 Stulta
1170 1027 1306 1058 omnino
1331 1026 1447 1067 lectio,
1460 1026 1545 1058 licet
1566 1025 1665 1057 multi

201 1074 278 1097 eam
294 1065 373 1097 libri
397 1065 598 1100 defendant.
643 1068 735 1101 Quid
758 1068 847 1100 enim
870 1069 993 1100 mirum
1017 1069 1127 1100 audiri
1143 1079 1214 1110 eos,
1229 1069 1287 1111 qui
1309 1074 1459 1100 mentem
1475 1077 1568 1100 suam
1585 1077 1664 1109 pro-

202 1106 288 1140 bant
311 1108 480 1151 Superis?
503 1109 552 1142 At
577 1110 717 1151 optimae
734 1111 957 1153 membranae,
970 1111 1201 1144 conditionem
1218 1121 1353 1144 omnem
1375 1115 1598 1154 seponentes:
1620 1110 1667 1142 sic

863 1202 1005 1236 NOTAE

239 1265 303 1295 243
317 1264 362 1295 Et
376 1264 486 1297 Pallas
497 1267 604 1298 deceat
611 1266 796 1309 pharetras]
809 1267 908 1310 Hyp-

202 1313 325 1355 allage,
358 1314 394 1346 id
426 1321 493 1357 est,
523 1317 706 1350 Pharetrae
742 1319 909 1351 decerent

202 1363 395 1398 Palladem.
420 1366 594 1399 Pharetra
608 1372 724 1400 autem
741 1374 818 1401 erat
830 1379 910 1401 cum

203 1422 288 1446 arcu
307 1415 442 1457 insigne
455 1417 599 1450 Dianae:
622 1418 711 1451 sicut
726 1420 838 1461 galea,
853 1420 909 1452 cui

203 1463 310 1496 crista
343 1466 542 1508 apponitur,
578 1469 716 1509 lancea,
753 1474 791 1502 et
827 1471 909 1512 aegis

204 1518 306 1546 erant
321 1514 469 1557 insignia
483 1518 649 1551 Palladis.
697 1520 809 1563 Delia]
826 1521 910 1554 Dia-

202 1573 249 1596 na
261 1573 281 1596 a
296 1565 388 1597 Delo
401 1566 522 1608 insula,
538 1569 573 1600 in
586 1579 653 1610 qua
665 1574 747 1603 nata
760 1574 825 1604 est.

246 1617 312 1648 244
334 1615 377 1648 In
389 1621 464 1649 vota
475 1617 796 1660 fatigantTNoster
810 1622 912 1654 etiarn

203 1665 346 1698 Pietate
382 1666 614 1701 Abascantii:
651 1670 661 1688 ‘
677 1671 770 1703 Dum
806 1677 910 1704 nocte

205 1715 333 1758 dieque
362 1715 487 1759 fatigas
518 1719 688 1752 Numina)
733 1722 779 1753 Et
796 1722 910 1754 Hora-

205 1767 297 1800 tias:
321 1768 332 1786 ‘
350 1768 477 1810 Prece,
500 1779 567 1811 qna
582 1769 731 1813 fatigent
747 1772 910 1814 Virgines

205 1822 335 1850 sanctae
375 1819 486 1852 minus
526 1820 721 1853 audientem
750 1822 911 1855 Carmina

204 1868 376 1901 Vestam!
421 1870 463 1901 Id
479 1875 547 1910 est,
558 1871 618 1902 diu
631 1871 803 1904 invocant.

251 1922 315 1951 245
346 1919 523 1961 Inachidoe]
560 1920 693 1963 Argivi.
743 1923 822 1959 Quae
845 1924 912 1955 cui·

207 1979 266 2010 que
290 1970 410 2011 domus,
424 1970 572 2011 ,sacrique
587 1970 748 2014 facultas]
782 1973 823 2005 Id
847 1977 914 2014 est,

207 2022 446 2062 unnsquisque
461 2030 524 2062 pro
541 2021 668 2054 viribus
683 2031 785 2055 sacra
808 2022 912 2056 facie-

208 2070 283 2103 bat.

252 2125 319 2155 246
351 2123 542 2165 Animaque]
565 2123 607 2155 Id
633 2129 700 2164 est,
727 2124 811 2156 vivis
838 2125 915 2158 hos-

210 2174 283 2214 tiis,
297 2173 527 2215 victimisque.
556 2175 683 2216 Cespite
691 2176 791 2217 nudo]
812 2180 821 2195 ‘
834 2177 915 2208 Far-

209 2224 272 2265 re,’
297 2223 388 2266 quod
404 2224 535 2256 idcirco
557 2225 568 2243 ‘
585 2226 679 2266 pium
693 2225 704 2242 '
727 2231 829 2259 vocat
842 2227 916 2259 Ho-

211 2274 333 2307 ratius.

253 2327 318 2357 24⁷
344 2325 414 2357 Nec
428 2326 532 2358 minus
545 2326 660 2367 auditi,
674 2327 703 2358 si
717 2337 803 2359 mens
814 2337 917 2368 accep-

213 2379 249 2407 ta
273 2379 409 2407 meretur
435 2376 538 2408 Tum
567 2377 666 2418 Deos]
690 2376 733 2408 Id
759 2381 826 2417 est,
851 2386 919 2409 non

212 2426 326 2458 minus
342 2425 578 2458 exaudiuntur
594 2427 639 2468 hi,
650 2428 709 2469 qui
721 2427 820 2459 thure
846 2428 920 2470 pla-

214 2481 298 2511 cant
319 2477 434 2518 Deos,
458 2487 560 2519 quam
579 2477 628 2509 illi
644 2478 702 2519 qui
714 2478 841 2510 hostias
855 2478 917 2509 irn-

213 2528 404 2561 molabant.
446 2528 675 2560 victimarum
706 2530 796 2560 enim
832 2530 920 2569 loco,

213 2586 255 2614 ut
281 2581 330 2613 ait
351 2580 407 2612 hic
421 2580 598 2622 eleganter
614 2581 830 2621 Lactantius,
846 2581 919 2613 sola

214 2631 322 2663 etiam
345 2631 436 2663 bona
460 2631 675 2663 conscientia
690 2631 768 2663 Diis
782 2631 917 2663 litatur.

215 2681 319 2713 Unde
342 2681 434 2723 apud
461 2681 643 2713 Platonem
672 2681 708 2713 in
733 2680 918 2714 Alcibiade

216 2731 368 2764 secundo
394 2730 547 2764 refertur
567 2730 783 2772 Ammonem,
798 2740 919 2764 consu-

216 2782 367 2816 lentibus
396 2781 675 2824 Atheniensibus,
703 2791 745 2815 ac
772 2781 920 2824 petenti-

965 1267 1040 1308 bus,
1052 1276 1113 1299 cur
1124 1276 1145 1299 a
1159 1266 1670 1307 Lacedaemoniisvincerentur,

963 1327 1040 1350 cnm
1056 1317 1122 1359 ipsi
1137 1322 1206 1350 tam
1224 1318 1353 1359 opimas
1375 1324 1416 1349 ac
1439 1317 1568 1349 electas
1594 1319 1666 1350 vic-

965 1368 1064 1400 timas
1078 1368 1218 1409 Superis
1242 1368 1480 1407 immolarent;
1502 1368 1666 1400 Lacedae·-

963 1418 1068 1450 monii
1090 1428 1171 1450 vero
1200 1418 1284 1450 nihil
1306 1418 1374 1450 tale
1396 1422 1580 1459 curarent;
1602 1417 1667 1450 hoe

964 1478 1068 1500 unum
1083 1468 1322 1509 respondisse,
1333 1466 1483 1509 εὐφημίαν
1503 1468 1666 1501 hosdan-

965 1518 1166 1558 moniorum,
1199 1517 1235 1549 id
1264 1522 1331 1555 est,
1363 1518 1441 1550 bona
1463 1518 1559 1550 verba
1587 1519 1667 1550 Deo

965 1577 1038 1599 esse
1051 1568 1214 1609 gratiora,
1222 1577 1323 1609 quam
1335 1567 1510 1599 universas
1526 1567 1668 1601 Graeco-

967 1628 1041 1650 rum
1079 1618 1249 1650 victimas.
1292 1618 1390 1649 Bona
1415 1622 1532 1650 antem
1561 1617 1668 1650 verba

967 1671 1215 1712 interpretatur
1226 1670 1389 1702 Socrates
1401 1669 1528 1701 ibidem
1546 1678 1669 1710 preces

968 1722 1036 1754 rite
1065 1725 1254 1762 conceptas
1276 1720 1481 1762 justasque:
1505 1719 1670 1762 additque

970 1773 1065 1804 Deos
1080 1781 1149 1803 non
1172 1771 1332 1812 victimis,
1360 1770 1423 1802 sed
1440 1770 1545 1812 justis
1561 1770 1671 1812 preci-

967 1823 1029 1855 bus
1055 1822 1211 1864 votisque
1232 1823 1339 1853 solum
1356 1821 1498 1864 placari.
1540 1820 1670 1853 Absur-

967 1874 1047 1905 dum
1073 1873 1162 1905 enim
1185 1877 1288 1913 esset,
1313 1873 1374 1913 ait,
1396 1877 1433 1904 et
1448 1871 1671 1913 ingemiscen-

967 1923 1060 1964 dum,
1072 1923 1101 1956 si
1125 1922 1294 1956 Diidona
1319 1927 1439 1954 nostra
1459 1925 1671 1963 spectarent,

967 1983 1035 2005 non
1055 1972 1216 2004 animum.
1261 1971 1320 2004 Sic
1343 1978 1380 2004 et
1402 1971 1598 2013 Xenophon
1627 1971 1672 2003 de

969 2023 1088 2055 eodem
1115 2023 1259 2054 Socrate
1274 2021 1384 2054 refert
1399 2021 1592 2055 Memorab.
1609 2021 1670 2053 lib.

968 2084 994 2108 1.
1008 2074 1160 2114 dicente,
1183 2083 1262 2106 cum
1277 2072 1489 2106 sacrificaret
1510 2081 1615 2114 parva
1627 2071 1672 2103 de

971 2126 1101 2167 parvis,
1118 2125 1201 2157 nihil
1217 2133 1255 2157 se
1270 2124 1445 2157 deteriore
1472 2123 1671 2156 conditione

970 2176 1011 2209 iis
1038 2176 1193 2216 credere,
1209 2175 1268 2218 qni
1282 2175 1326 2207 de
1350 2174 1467 2207 multis
1482 2183 1523 2206 ac
1538 2173 1672 2215 magnis

971 2219 1080 2259 multa
1094 2236 1135 2258 ac
1150 2235 1271 2267 magna
1286 2225 1476 2257 immolant.
1510 2223 1598 2256 Nam
1613 2232 1672 2255 ne-

971 2285 1038 2318 que
1061 2275 1140 2306 Diis
1164 2275 1344 2307 honestum
1366 2272 1456 2314 fore,
1481 2272 1510 2304 si
1538 2272 1672 2315 magnis

970 2325 1148 2358 sacrificiis
1163 2325 1271 2366 magis
1286 2325 1560 2365 delectarentur,
1571 2332 1672 2366 quam

971 2376 1110 2418 parvis:
1134 2384 1372 2417 saepenumero
1398 2374 1490 2407 enim
1515 2383 1568 2414 ea,
1595 2382 1671 2415 quae

973 2426 1016 2458 ab
1041 2426 1205 2467 improbis
1227 2424 1502 2467 proficiscantur,
1522 2423 1674 2465 gratiora

971 2477 1020 2509 eis
1033 2475 1163 2517 futura,
1178 2486 1278 2518 quam
1294 2485 1372 2518 quae
1397 2485 1418 2507 a
1439 2474 1522 2506 viris
1547 2473 1646 2510 bonis
1663 2483 1675 2508 ς

972 2537 1083 2569 neque
1107 2526 1299 2559 hominibus
1316 2525 1422 2559 vitam
1437 2534 1514 2556 esse
1538 2523 1672 2567 optabi-

970 2577 1051 2615 lem,
1074 2577 1104 2609 si
1127 2586 1203 2619 qua».
1229 2575 1274 2608 ab
1299 2574 1463 2617 improbis
1489 2574 1674 2615 donentur,

971 2628 1049 2661 Diis
1061 2629 1131 2660 sint
1143 2626 1305 2669 gratiora,
1311 2616 1413 2669 (suam
1425 2634 1502 2668 quae
1515 2634 1536 2656 a
1545 2624 1674 2667 probis.

972 2678 1063 2712 Quin
1097 2676 1318 2710 existimabat
1347 2677 1442 2709 Deos
1465 2675 1673 2707 immortales

970 2728 1143 2761 hominnm
1156 2727 1289 2769 piorum
1304 2727 1400 2760 cultu
1423 2729 1461 2760 et
1473 2725 1674 2760 muneribus

973 2779 1122 2812 maxime
1139 2778 1317 2812 delectari.
