<?xml version="1.0" encoding="UTF-8"?>
<!DOCTYPE html PUBLIC "-//W3C//DTD XHTML 1.0 Transitional//EN"
    "http://www.w3.org/TR/xhtml1/DTD/xhtml1-transitional.dtd">
<html xmlns="http://www.w3.org/1999/xhtml" xml:lang="en" lang="en">
 <head>
  <title>
</title>
<meta http-equiv="Content-Type" content="text/html;charset=utf-8" />
  <meta name='ocr-system' content='tesseract 3.04.00' />
  <meta name='ocr-capabilities' content='ocr_page ocr_carea ocr_par ocr_line ocrx_word'/>
</head>
<body>
  <div class='ocr_page' id='page_1' title='image "./operaomniaexedit02statuoft/operaomniaexedit02statuoft_0402.png"; bbox 0 0 1820 3068; ppageno 0'>
   <div class='ocr_carea' id='block_1_1' title="bbox 229 166 1203 214">
    <p class='ocr_par' dir='ltr' id='par_1_1' title="bbox 229 166 1203 214">
     <span class='ocr_line' id='line_1_1' title="bbox 229 166 1203 214; baseline 0.003 -3"><span class='ocrx_word' id='word_1_1' title='bbox 229 166 317 212; x_wconf 84' lang='grc'><strong>986</strong></span> <span class='ocrx_word' id='word_1_2' title='bbox 733 182 774 211; x_wconf 85' lang='lat' dir='ltr'><strong>P.</strong></span> <span class='ocrx_word' id='word_1_3' title='bbox 808 181 1002 212; x_wconf 71' lang='grc' dir='ltr'><strong>ΡΑΡΙΝΠ</strong></span> <span class='ocrx_word' id='word_1_4' title='bbox 1037 181 1203 214; x_wconf 77' lang='lat' dir='ltr'>STATH</span> 
     </span>
    </p>
   </div>
   <div class='ocr_carea' id='block_1_2' title="bbox 227 274 1697 880">
    <p class='ocr_par' dir='ltr' id='par_1_2' title="bbox 227 274 1379 333">
     <span class='ocr_line' id='line_1_2' title="bbox 227 274 1379 333; baseline 0.003 -15"><span class='ocrx_word' id='word_1_5' title='bbox 227 275 335 318; x_wconf 89' lang='lat' dir='ltr'><strong>Vox</strong></span> <span class='ocrx_word' id='word_1_6' title='bbox 355 274 502 317; x_wconf 85' lang='lat' dir='ltr'><strong>media</strong></span> <span class='ocrx_word' id='word_1_7' title='bbox 523 275 577 316; x_wconf 90' lang='lat' dir='ltr'><strong>de</strong></span> <span class='ocrx_word' id='word_1_8' title='bbox 597 288 753 330; x_wconf 81' lang='lat' dir='ltr'>puppe</span> <span class='ocrx_word' id='word_1_9' title='bbox 778 277 913 328; x_wconf 89' lang='lat' dir='ltr'><strong>venit,</strong></span> <span class='ocrx_word' id='word_1_10' title='bbox 933 278 1075 320; x_wconf 86' lang='lat' dir='ltr'><strong>maria</strong></span> <span class='ocrx_word' id='word_1_11' title='bbox 1094 279 1195 333; x_wconf 85' lang='lat' dir='ltr'><strong>ipsa</strong></span> <span class='ocrx_word' id='word_1_12' title='bbox 1215 280 1379 323; x_wconf 87' lang='lat' dir='ltr'><strong>carinae</strong></span> 
     </span>
    </p>

    <p class='ocr_par' dir='ltr' id='par_1_3' title="bbox 229 342 1412 401">
     <span class='ocr_line' id='line_1_3' title="bbox 229 342 1412 401; baseline 0.004 -16"><span class='ocrx_word' id='word_1_13' title='bbox 229 342 483 394; x_wconf 88' lang='lat' dir='ltr'><strong>Accedunt,</strong></span> <span class='ocrx_word' id='word_1_14' title='bbox 503 342 632 398; x_wconf 89' lang='lat' dir='ltr'><strong>(post</strong></span> <span class='ocrx_word' id='word_1_15' title='bbox 650 356 786 386; x_wconf 88' lang='lat' dir='ltr'><strong>nosse</strong></span> <span class='ocrx_word' id='word_1_16' title='bbox 805 344 956 387; x_wconf 85' lang='lat' dir='ltr'><strong>datum</strong></span> <span class='ocrx_word' id='word_1_17' title='bbox 975 344 1067 401; x_wconf 88' lang='lat' dir='ltr'><strong>est)</strong></span> <span class='ocrx_word' id='word_1_18' title='bbox 1085 346 1297 401; x_wconf 87' lang='lat' dir='ltr'><strong>OEagrius</strong></span> <span class='ocrx_word' id='word_1_19' title='bbox 1317 348 1412 390; x_wconf 87' lang='lat' dir='ltr'><strong>illic</strong></span> 
     </span>
    </p>

    <p class='ocr_par' dir='ltr' id='par_1_4' title="bbox 229 409 1255 471">
     <span class='ocr_line' id='line_1_4' title="bbox 229 409 1255 471; baseline 0.005 -19"><span class='ocrx_word' id='word_1_20' title='bbox 229 409 433 453; x_wconf 89' lang='lat' dir='ltr'><strong>Acclinis</strong></span> <span class='ocrx_word' id='word_1_21' title='bbox 453 411 587 462; x_wconf 84' lang='lat' dir='ltr'><strong>malo,</strong></span> <span class='ocrx_word' id='word_1_22' title='bbox 606 411 764 454; x_wconf 89' lang='lat' dir='ltr'><strong>mediis</strong></span> <span class='ocrx_word' id='word_1_23' title='bbox 786 412 1027 456; x_wconf 83' lang='lat' dir='ltr'><strong>intersonat</strong></span> <span class='ocrx_word' id='word_1_24' title='bbox 1047 414 1255 471; x_wconf 84' lang='lat' dir='ltr'><strong>Orpheus</strong></span> 
     </span>
    </p>

    <p class='ocr_par' dir='ltr' id='par_1_5' title="bbox 228 477 1697 607">
     <span class='ocr_line' id='line_1_5' title="bbox 230 477 1697 536; baseline 0.004 -15"><span class='ocrx_word' id='word_1_25' title='bbox 230 477 468 532; x_wconf 80' lang='lat' dir='ltr'><strong>Remigiis,</strong></span> <span class='ocrx_word' id='word_1_26' title='bbox 488 481 726 534; x_wconf 81' lang='lat' dir='ltr'><strong>tantosque</strong></span> <span class='ocrx_word' id='word_1_27' title='bbox 739 481 871 536; x_wconf 86' lang='lat' dir='ltr'><strong>jubet</strong></span> <span class='ocrx_word' id='word_1_28' title='bbox 890 482 1063 524; x_wconf 89' lang='lat' dir='ltr'><strong>nescire</strong></span> <span class='ocrx_word' id='word_1_29' title='bbox 1083 484 1268 526; x_wconf 85' lang='lat' dir='ltr'><strong>labores.</strong></span> <span class='ocrx_word' id='word_1_30' title='bbox 1609 482 1697 524; x_wconf 76' lang='lat'><strong>345</strong></span> 
     </span>
     <span class='ocr_line' id='line_1_6' title="bbox 228 546 1393 607; baseline 0.007 -20"><span class='ocrx_word' id='word_1_31' title='bbox 228 546 327 588; x_wconf 87' lang='lat' dir='ltr'><strong>Illis</strong></span> <span class='ocrx_word' id='word_1_32' title='bbox 348 546 393 587; x_wconf 94' lang='lat' dir='ltr'><strong>in</strong></span> <span class='ocrx_word' id='word_1_33' title='bbox 414 546 674 601; x_wconf 85' lang='lat' dir='ltr'><strong>Scythicum</strong></span> <span class='ocrx_word' id='word_1_34' title='bbox 695 549 873 591; x_wconf 85' lang='lat' dir='ltr'><strong>Borean</strong></span> <span class='ocrx_word' id='word_1_35' title='bbox 893 550 992 602; x_wconf 89' lang='lat' dir='ltr'><strong>iter,</strong></span> <span class='ocrx_word' id='word_1_36' title='bbox 1015 564 1182 607; x_wconf 84' lang='lat' dir='ltr'><strong>oraque</strong></span> <span class='ocrx_word' id='word_1_37' title='bbox 1203 552 1393 607; x_wconf 90' lang='lat' dir='ltr'><strong>primum</strong></span> 
     </span>
    </p>

    <p class='ocr_par' dir='ltr' id='par_1_6' title="bbox 229 614 1244 669">
     <span class='ocr_line' id='line_1_7' title="bbox 229 614 1244 669; baseline 0.006 -14"><span class='ocrx_word' id='word_1_38' title='bbox 229 614 424 669; x_wconf 83' lang='lat' dir='ltr'>Cyaneis</span> <span class='ocrx_word' id='word_1_39' title='bbox 446 617 616 657; x_wconf 84' lang='lat' dir='ltr'><strong>arctata</strong></span> <span class='ocrx_word' id='word_1_40' title='bbox 635 616 767 659; x_wconf 85' lang='lat' dir='ltr'><strong>vadis</strong></span> <span class='ocrx_word' id='word_1_41' title='bbox 785 631 795 660; x_wconf 76' lang='grc' dir='ltr'>ε</span> <span class='ocrx_word' id='word_1_42' title='bbox 826 630 909 660; x_wconf 85' lang='lat' dir='ltr'><strong>nos</strong></span> <span class='ocrx_word' id='word_1_43' title='bbox 930 618 1125 661; x_wconf 86' lang='lat' dir='ltr'><strong>Thracia</strong></span> <span class='ocrx_word' id='word_1_44' title='bbox 1142 619 1244 662; x_wconf 88' lang='lat' dir='ltr'><strong>visu</strong></span> 
     </span>
    </p>

    <p class='ocr_par' dir='ltr' id='par_1_7' title="bbox 229 682 1269 739">
     <span class='ocr_line' id='line_1_8' title="bbox 229 682 1269 739; baseline 0.006 -15"><span class='ocrx_word' id='word_1_45' title='bbox 229 682 361 725; x_wconf 85' lang='lat' dir='ltr'><strong>Bella</strong></span> <span class='ocrx_word' id='word_1_46' title='bbox 380 687 503 735; x_wconf 82' lang='lat' dir='ltr'><strong>ratae,</strong></span> <span class='ocrx_word' id='word_1_47' title='bbox 524 684 651 727; x_wconf 87' lang='lat' dir='ltr'><strong>vario</strong></span> <span class='ocrx_word' id='word_1_48' title='bbox 674 689 796 728; x_wconf 87' lang='lat' dir='ltr'><strong>tecta</strong></span> <span class='ocrx_word' id='word_1_49' title='bbox 815 686 1039 728; x_wconf 84' lang='lat' dir='ltr'><strong>incursare</strong></span> <span class='ocrx_word' id='word_1_50' title='bbox 1059 687 1269 739; x_wconf 83' lang='lat' dir='ltr'><strong>tumultu,</strong></span> 
     </span>
    </p>

    <p class='ocr_par' dir='ltr' id='par_1_8' title="bbox 230 750 1513 808">
     <span class='ocr_line' id='line_1_9' title="bbox 230 750 1513 808; baseline 0.005 -16"><span class='ocrx_word' id='word_1_51' title='bbox 230 750 485 793; x_wconf 86' lang='lat' dir='ltr'><strong>Densarum</strong></span> <span class='ocrx_word' id='word_1_52' title='bbox 505 752 744 806; x_wconf 83' lang='lat' dir='ltr'><strong>pecudum,</strong></span> <span class='ocrx_word' id='word_1_53' title='bbox 761 757 838 796; x_wconf 82' lang='lat' dir='ltr'><strong>aut</strong></span> <span class='ocrx_word' id='word_1_54' title='bbox 855 753 1105 808; x_wconf 87' lang='lat' dir='ltr'><strong>fugientum</strong></span> <span class='ocrx_word' id='word_1_55' title='bbox 1126 769 1247 798; x_wconf 89' lang='lat' dir='ltr'><strong>more</strong></span> <span class='ocrx_word' id='word_1_56' title='bbox 1270 756 1513 799; x_wconf 82' lang='lat' dir='ltr'><strong>volucrum·</strong></span> 
     </span>
    </p>

    <p class='ocr_par' dir='ltr' id='par_1_9' title="bbox 229 817 1695 880">
     <span class='ocr_line' id='line_1_10' title="bbox 229 817 1695 880; baseline 0.005 -21"><span class='ocrx_word' id='word_1_57' title='bbox 229 817 338 860; x_wconf 87' lang='lat' dir='ltr'><strong>Heu</strong></span> <span class='ocrx_word' id='word_1_58' title='bbox 357 819 435 861; x_wconf 91' lang='lat' dir='ltr'><strong>ubi</strong></span> <span class='ocrx_word' id='word_1_59' title='bbox 453 832 569 862; x_wconf 89' lang='lat' dir='ltr'><strong>nunc</strong></span> <span class='ocrx_word' id='word_1_60' title='bbox 588 821 714 863; x_wconf 86' lang='lat' dir='ltr'><strong>furiae</strong></span> <span class='ocrx_word' id='word_1_61' title='bbox 731 822 751 863; x_wconf 77' lang='lat' dir='ltr'><strong>&#39;l</strong></span> <span class='ocrx_word' id='word_1_62' title='bbox 782 826 956 876; x_wconf 88' lang='lat' dir='ltr'><strong>portus,</strong></span> <span class='ocrx_word' id='word_1_63' title='bbox 976 823 1272 880; x_wconf 83' lang='lat' dir='ltr'><strong>amplexaque</strong></span> <span class='ocrx_word' id='word_1_64' title='bbox 1292 825 1416 868; x_wconf 86' lang='lat' dir='ltr'><strong>littus</strong></span> <span class='ocrx_word' id='word_1_65' title='bbox 1607 823 1695 866; x_wconf 83' lang='lat'><strong>350</strong></span> 
     </span>
    </p>
   </div>
   <div class='ocr_carea' id='block_1_3' title="bbox 226 942 1701 1243">
    <p class='ocr_par' dir='ltr' id='par_1_10' title="bbox 226 942 1701 1243">
     <span class='ocr_line' id='line_1_11' title="bbox 226 942 1697 986; baseline 0.001 -13"><span class='ocrx_word' id='word_1_66' title='bbox 226 950 339 983; x_wconf 80' lang='lat' dir='ltr'><strong>puppe,</strong></span> <span class='ocrx_word' id='word_1_67' title='bbox 358 943 484 974; x_wconf 75' lang='lat' dir='ltr'><strong>suavior</strong></span> <span class='ocrx_word' id='word_1_68' title='bbox 498 946 529 975; x_wconf 82' lang='lat' dir='ltr'><strong>et</strong></span> <span class='ocrx_word' id='word_1_69' title='bbox 542 945 637 975; x_wconf 77' lang='lat' dir='ltr'><strong>cantu</strong></span> <span class='ocrx_word' id='word_1_70' title='bbox 651 943 850 976; x_wconf 73' lang='lat' dir='ltr'><strong>morientium</strong></span> <span class='ocrx_word' id='word_1_71' title='bbox 864 953 1039 986; x_wconf 80' lang='lat' dir='ltr'><strong>cycnorum,</strong></span> <span class='ocrx_word' id='word_1_72' title='bbox 1054 947 1086 976; x_wconf 80' lang='lat' dir='ltr'><strong>et</strong></span> <span class='ocrx_word' id='word_1_73' title='bbox 1100 944 1169 985; x_wconf 82' lang='lat' dir='ltr'><strong>lyra</strong></span> <span class='ocrx_word' id='word_1_74' title='bbox 1183 943 1351 986; x_wconf 78' lang='lat' dir='ltr'><strong>Apollinis.</strong></span> <span class='ocrx_word' id='word_1_75' title='bbox 1395 942 1466 984; x_wconf 82' lang='lat' dir='ltr'><strong>Ipsi</strong></span> <span class='ocrx_word' id='word_1_76' title='bbox 1481 942 1602 985; x_wconf 72' lang='lat' dir='ltr'><strong>fluctus</strong></span> <span class='ocrx_word' id='word_1_77' title='bbox 1622 943 1697 974; x_wconf 78' lang='lat' dir='ltr'><strong>navi</strong></span> 
     </span>
     <span class='ocr_line' id='line_1_12' title="bbox 228 985 1701 1029; baseline 0.001 -14"><span class='ocrx_word' id='word_1_78' title='bbox 228 985 491 1026; x_wconf 77' lang='lat' dir='ltr'><strong>appropinquant,</strong></span> <span class='ocrx_word' id='word_1_79' title='bbox 506 986 592 1028; x_wconf 75' lang='lat' dir='ltr'><strong>(post</strong></span> <span class='ocrx_word' id='word_1_80' title='bbox 605 986 694 1019; x_wconf 76' lang='lat' dir='ltr'><strong>licuit</strong></span> <span class='ocrx_word' id='word_1_81' title='bbox 709 986 806 1029; x_wconf 85' lang='lat' dir='ltr'><strong>scire)</strong></span> <span class='ocrx_word' id='word_1_82' title='bbox 828 987 895 1019; x_wconf 82' lang='lat' dir='ltr'><strong>illic</strong></span> <span class='ocrx_word' id='word_1_83' title='bbox 923 987 1067 1028; x_wconf 75' lang='lat' dir='ltr'><strong>Orpheus</strong></span> <span class='ocrx_word' id='word_1_84' title='bbox 1094 988 1212 1027; x_wconf 73' lang='lat' dir='ltr'><strong>OEagri</strong></span> <span class='ocrx_word' id='word_1_85' title='bbox 1228 987 1323 1029; x_wconf 86' lang='lat' dir='ltr'><strong>filius</strong></span> <span class='ocrx_word' id='word_1_86' title='bbox 1344 987 1424 1018; x_wconf 86' lang='lat' dir='ltr'><strong>malo</strong></span> <span class='ocrx_word' id='word_1_87' title='bbox 1447 986 1589 1022; x_wconf 77' lang='lat' dir='ltr'><strong>innixus,</strong></span> <span class='ocrx_word' id='word_1_88' title='bbox 1612 985 1701 1017; x_wconf 74' lang='lat' dir='ltr'><strong>canit</strong></span> 
     </span>
     <span class='ocr_line' id='line_1_13' title="bbox 227 1028 1699 1071; baseline 0.001 -13"><span class='ocrx_word' id='word_1_89' title='bbox 227 1028 314 1059; x_wconf 75' lang='lat' dir='ltr'><strong>inter</strong></span> <span class='ocrx_word' id='word_1_90' title='bbox 327 1028 443 1059; x_wconf 85' lang='lat' dir='ltr'><strong>medios</strong></span> <span class='ocrx_word' id='word_1_91' title='bbox 454 1029 609 1066; x_wconf 73' lang='lat' dir='ltr'><strong>remigum</strong></span> <span class='ocrx_word' id='word_1_92' title='bbox 624 1030 764 1070; x_wconf 79' lang='lat' dir='ltr'><strong>ordines,</strong></span> <span class='ocrx_word' id='word_1_93' title='bbox 785 1039 893 1071; x_wconf 81' lang='lat' dir='ltr'><strong>eosque</strong></span> <span class='ocrx_word' id='word_1_94' title='bbox 909 1030 995 1069; x_wconf 76' lang='lat' dir='ltr'><strong>facit</strong></span> <span class='ocrx_word' id='word_1_95' title='bbox 1011 1030 1151 1062; x_wconf 75' lang='lat' dir='ltr'><strong>oblivisci</strong></span> <span class='ocrx_word' id='word_1_96' title='bbox 1165 1034 1270 1062; x_wconf 78' lang='lat' dir='ltr'><strong>tantos</strong></span> <span class='ocrx_word' id='word_1_97' title='bbox 1294 1029 1425 1062; x_wconf 85' lang='lat' dir='ltr'><strong>labores.</strong></span> <span class='ocrx_word' id='word_1_98' title='bbox 1470 1029 1528 1060; x_wconf 84' lang='lat' dir='ltr'><strong>Illi</strong></span> <span class='ocrx_word' id='word_1_99' title='bbox 1547 1028 1699 1067; x_wconf 75' lang='lat' dir='ltr'><strong>navigant</strong></span> 
     </span>
     <span class='ocr_line' id='line_1_14' title="bbox 227 1070 1700 1114; baseline 0 -13"><span class='ocrx_word' id='word_1_100' title='bbox 227 1070 264 1101; x_wconf 82' lang='lat' dir='ltr'><strong>in</strong></span> <span class='ocrx_word' id='word_1_101' title='bbox 277 1070 461 1111; x_wconf 76' lang='lat' dir='ltr'><strong>Scythicum</strong></span> <span class='ocrx_word' id='word_1_102' title='bbox 476 1071 673 1113; x_wconf 82' lang='lat' dir='ltr'><strong>Aquilonem,</strong></span> <span class='ocrx_word' id='word_1_103' title='bbox 699 1083 735 1104; x_wconf 85' lang='lat' dir='ltr'><strong>ac</strong></span> <span class='ocrx_word' id='word_1_104' title='bbox 749 1073 864 1111; x_wconf 79' lang='lat' dir='ltr'><strong>fauces</strong></span> <span class='ocrx_word' id='word_1_105' title='bbox 874 1073 1012 1114; x_wconf 84' lang='lat' dir='ltr'><strong>primum</strong></span> <span class='ocrx_word' id='word_1_106' title='bbox 1026 1075 1212 1113; x_wconf 78' lang='lat' dir='ltr'><strong>angustatus</strong></span> <span class='ocrx_word' id='word_1_107' title='bbox 1228 1072 1365 1114; x_wconf 70' lang='lat' dir='ltr'><strong>Cyaneis</strong></span> <span class='ocrx_word' id='word_1_108' title='bbox 1376 1071 1571 1113; x_wconf 75' lang='lat' dir='ltr'><strong>gurgitibus.</strong></span> <span class='ocrx_word' id='word_1_109' title='bbox 1617 1071 1700 1110; x_wconf 81' lang='lat' dir='ltr'><strong>Nos,</strong></span> 
     </span>
     <span class='ocr_line' id='line_1_15' title="bbox 228 1113 1698 1156; baseline 0.001 -12"><span class='ocrx_word' id='word_1_110' title='bbox 228 1116 265 1144; x_wconf 82' lang='lat' dir='ltr'><strong>ut</strong></span> <span class='ocrx_word' id='word_1_111' title='bbox 290 1114 438 1151; x_wconf 77' lang='lat' dir='ltr'><strong>vidimus,</strong></span> <span class='ocrx_word' id='word_1_112' title='bbox 459 1116 619 1147; x_wconf 79' lang='lat' dir='ltr'><strong>credentes</strong></span> <span class='ocrx_word' id='word_1_113' title='bbox 642 1125 707 1147; x_wconf 78' lang='lat' dir='ltr'><strong>esse</strong></span> <span class='ocrx_word' id='word_1_114' title='bbox 736 1116 890 1147; x_wconf 81' lang='lat' dir='ltr'><strong>Thracum</strong></span> <span class='ocrx_word' id='word_1_115' title='bbox 909 1116 1151 1155; x_wconf 74' lang='lat' dir='ltr'><strong>aggressionem,</strong></span> <span class='ocrx_word' id='word_1_116' title='bbox 1176 1116 1322 1156; x_wconf 80' lang='lat' dir='ltr'><strong>coepimus</strong></span> <span class='ocrx_word' id='word_1_117' title='bbox 1347 1125 1473 1151; x_wconf 80' lang='lat' dir='ltr'><strong>currere</strong></span> <span class='ocrx_word' id='word_1_118' title='bbox 1497 1115 1538 1146; x_wconf 83' lang='lat' dir='ltr'><strong>ad</strong></span> <span class='ocrx_word' id='word_1_119' title='bbox 1562 1113 1698 1145; x_wconf 78' lang='lat' dir='ltr'><strong>culmina</strong></span> 
     </span>
     <span class='ocr_line' id='line_1_16' title="bbox 228 1155 1700 1199; baseline 0.001 -12"><span class='ocrx_word' id='word_1_120' title='bbox 228 1156 352 1188; x_wconf 78' lang='lat' dir='ltr'><strong>diverso</strong></span> <span class='ocrx_word' id='word_1_121' title='bbox 377 1158 525 1198; x_wconf 76' lang='lat' dir='ltr'><strong>strepitu,</strong></span> <span class='ocrx_word' id='word_1_122' title='bbox 547 1158 652 1189; x_wconf 82' lang='lat' dir='ltr'><strong>instar</strong></span> <span class='ocrx_word' id='word_1_123' title='bbox 677 1158 887 1197; x_wconf 72' lang='lat' dir='ltr'><strong>confer-tarum</strong></span> <span class='ocrx_word' id='word_1_124' title='bbox 908 1159 1070 1199; x_wconf 79' lang='lat' dir='ltr'><strong>pecudum,</strong></span> <span class='ocrx_word' id='word_1_125' title='bbox 1093 1162 1149 1191; x_wconf 84' lang='lat' dir='ltr'><strong>aut</strong></span> <span class='ocrx_word' id='word_1_126' title='bbox 1163 1158 1362 1199; x_wconf 81' lang='lat' dir='ltr'><strong>fugientium</strong></span> <span class='ocrx_word' id='word_1_127' title='bbox 1386 1159 1501 1190; x_wconf 79' lang='lat' dir='ltr'><strong>avium.</strong></span> <span class='ocrx_word' id='word_1_128' title='bbox 1545 1156 1621 1189; x_wconf 86' lang='lat' dir='ltr'><strong>Heu</strong></span> <span class='ocrx_word' id='word_1_129' title='bbox 1646 1155 1700 1188; x_wconf 82' lang='lat' dir='ltr'><strong>ubi</strong></span> 
     </span>
     <span class='ocr_line' id='line_1_17' title="bbox 229 1198 1698 1243; baseline 0.001 -13"><span class='ocrx_word' id='word_1_130' title='bbox 229 1208 309 1231; x_wconf 83' lang='lat' dir='ltr'><strong>nunc</strong></span> <span class='ocrx_word' id='word_1_131' title='bbox 324 1199 535 1233; x_wconf 77' lang='lat' dir='ltr'><strong>Eumenides?</strong></span> <span class='ocrx_word' id='word_1_132' title='bbox 557 1201 765 1234; x_wconf 75' lang='lat' dir='ltr'><strong>Ascenaimus</strong></span> <span class='ocrx_word' id='word_1_133' title='bbox 783 1206 923 1243; x_wconf 81' lang='lat' dir='ltr'><strong>portum,</strong></span> <span class='ocrx_word' id='word_1_134' title='bbox 945 1205 977 1234; x_wconf 85' lang='lat' dir='ltr'><strong>et</strong></span> <span class='ocrx_word' id='word_1_135' title='bbox 1000 1203 1083 1234; x_wconf 80' lang='lat' dir='ltr'><strong>altas</strong></span> <span class='ocrx_word' id='word_1_136' title='bbox 1106 1205 1220 1243; x_wconf 82' lang='lat' dir='ltr'><strong>turres,</strong></span> <span class='ocrx_word' id='word_1_137' title='bbox 1242 1204 1273 1234; x_wconf 82' lang='lat' dir='ltr'><strong>et</strong></span> <span class='ocrx_word' id='word_1_138' title='bbox 1295 1208 1399 1234; x_wconf 81' lang='lat' dir='ltr'><strong>muros</strong></span> <span class='ocrx_word' id='word_1_139' title='bbox 1419 1201 1591 1233; x_wconf 74' lang='lat' dir='ltr'><strong>ambientes</strong></span> <span class='ocrx_word' id='word_1_140' title='bbox 1601 1198 1698 1240; x_wconf 75' lang='lat' dir='ltr'><strong>ripas,</strong></span> 
     </span>
    </p>
   </div>
   <div class='ocr_carea' id='block_1_4' title="bbox 839 1296 1088 1309">
    <p class='ocr_par' dir='ltr' id='par_1_11' title="bbox 839 1296 1088 1309">
     <span class='ocr_line' id='line_1_18' title="bbox 839 1296 1088 1309; baseline 0.004 -1"><span class='ocrx_word' id='word_1_141' title='bbox 839 1296 1063 1309; x_wconf 59' lang='lat' dir='ltr'><strong><em>‘MNO‘</em></strong></span> <span class='ocrx_word' id='word_1_142' title='bbox 1068 1297 1088 1309; x_wconf 63' lang='lat' dir='ltr'><em>O</em></span> 
     </span>
    </p>
   </div>
   <div class='ocr_carea' id='block_1_5' title="bbox 227 1359 1700 1662">
    <p class='ocr_par' dir='ltr' id='par_1_12' title="bbox 227 1359 1700 1662">
     <span class='ocr_line' id='line_1_19' title="bbox 227 1359 1700 1402; baseline 0 -11"><span class='ocrx_word' id='word_1_143' title='bbox 227 1359 340 1392; x_wconf 87' lang='lat' dir='ltr'><strong>Idem.</strong></span> <span class='ocrx_word' id='word_1_144' title='bbox 362 1363 419 1392; x_wconf 77' lang='lat' dir='ltr'><strong>aut</strong></span> <span class='ocrx_word' id='word_1_145' title='bbox 444 1364 581 1393; x_wconf 80' lang='lat' dir='ltr'><strong>tractum</strong></span> <span class='ocrx_word' id='word_1_146' title='bbox 603 1362 717 1402; x_wconf 80' lang='lat' dir='ltr'><strong>pelago</strong></span> <span class='ocrx_word' id='word_1_147' title='bbox 744 1361 869 1396; x_wconf 82' lang='lat' dir='ltr'><strong>Behot.</strong></span> <span class='ocrx_word' id='word_1_148' title='bbox 886 1364 1028 1395; x_wconf 80' lang='grc'><strong>1.-343</strong></span> <span class='ocrx_word' id='word_1_149' title='bbox 1054 1362 1232 1402; x_wconf 80' lang='lat' dir='ltr'><strong>OEnagrius</strong></span> <span class='ocrx_word' id='word_1_150' title='bbox 1252 1361 1378 1394; x_wconf 81' lang='lat' dir='ltr'><strong>Behot.</strong></span> <span class='ocrx_word' id='word_1_151' title='bbox 1394 1362 1538 1393; x_wconf 73' lang='lat'><strong>2.—344</strong></span> <span class='ocrx_word' id='word_1_152' title='bbox 1560 1360 1700 1392; x_wconf 65' lang='lat' dir='ltr'><strong>acclivis</strong></span> 
     </span>
     <span class='ocr_line' id='line_1_20' title="bbox 227 1401 1699 1445; baseline 0 -10"><span class='ocrx_word' id='word_1_153' title='bbox 227 1403 338 1444; x_wconf 83' lang='lat' dir='ltr'><strong>Lang.</strong></span> <span class='ocrx_word' id='word_1_154' title='bbox 355 1403 458 1435; x_wconf 89' lang='lat' dir='ltr'><strong>Laur.</strong></span> <span class='ocrx_word' id='word_1_155' title='bbox 478 1404 629 1445; x_wconf 86' lang='lat' dir='ltr'><strong>Lipsian.</strong></span> <span class='ocrx_word' id='word_1_156' title='bbox 648 1404 780 1436; x_wconf 89' lang='lat' dir='ltr'><strong>Buslid.</strong></span> <span class='ocrx_word' id='word_1_157' title='bbox 796 1405 866 1445; x_wconf 89' lang='lat' dir='ltr'><strong>alii,</strong></span> <span class='ocrx_word' id='word_1_158' title='bbox 881 1401 961 1437; x_wconf 81' lang='lat' dir='ltr'><strong>cum&#39;</strong></span> <span class='ocrx_word' id='word_1_159' title='bbox 975 1404 1056 1437; x_wconf 89' lang='lat' dir='ltr'><strong>edd.</strong></span> <span class='ocrx_word' id='word_1_160' title='bbox 1071 1407 1266 1437; x_wconf 58' lang='lat' dir='ltr'><strong>veta—346</strong></span> <span class='ocrx_word' id='word_1_161' title='bbox 1288 1403 1513 1436; x_wconf 76' lang='lat' dir='ltr'><strong>Marklandus</strong></span> <span class='ocrx_word' id='word_1_162' title='bbox 1536 1402 1579 1434; x_wconf 79' lang='lat' dir='ltr'><strong>ad</strong></span> <span class='ocrx_word' id='word_1_163' title='bbox 1603 1403 1699 1444; x_wconf 86' lang='lat' dir='ltr'><strong>Sylv.</strong></span> 
     </span>
     <span class='ocr_line' id='line_1_21' title="bbox 228 1446 1698 1489; baseline 0 -12"><span class='ocrx_word' id='word_1_164' title='bbox 228 1455 262 1476; x_wconf 84' lang='lat' dir='ltr'><strong>v.</strong></span> <span class='ocrx_word' id='word_1_165' title='bbox 286 1448 319 1477; x_wconf 80' lang='lat'><strong>3.</strong></span> <span class='ocrx_word' id='word_1_166' title='bbox 349 1449 423 1478; x_wconf 83' lang='lat'><strong>138.</strong></span> <span class='ocrx_word' id='word_1_167' title='bbox 447 1448 621 1479; x_wconf 85' lang='lat' dir='ltr'><strong>correxit:</strong></span> <span class='ocrx_word' id='word_1_168' title='bbox 645 1457 760 1489; x_wconf 77' lang='lat' dir='ltr'><strong>oraque</strong></span> <span class='ocrx_word' id='word_1_169' title='bbox 782 1448 884 1489; x_wconf 79' lang='lat' dir='ltr'><strong>ponti,</strong></span> <span class='ocrx_word' id='word_1_170' title='bbox 908 1449 1070 1488; x_wconf 58' lang='lat' dir='ltr'><strong>&amp;cx—347</strong></span> <span class='ocrx_word' id='word_1_171' title='bbox 1093 1448 1227 1480; x_wconf 83' lang='lat' dir='ltr'><strong>Saxosis</strong></span> <span class='ocrx_word' id='word_1_172' title='bbox 1241 1451 1367 1480; x_wconf 78' lang='lat' dir='ltr'><strong>arctata</strong></span> <span class='ocrx_word' id='word_1_173' title='bbox 1381 1446 1471 1478; x_wconf 74' lang='lat' dir='ltr'><strong>vadis</strong></span> <span class='ocrx_word' id='word_1_174' title='bbox 1493 1446 1698 1478; x_wconf 69' lang='lat' dir='ltr'><strong>membranae</strong></span> 
     </span>
     <span class='ocr_line' id='line_1_22' title="bbox 229 1488 1699 1532; baseline 0 -12"><span class='ocrx_word' id='word_1_175' title='bbox 229 1488 525 1522; x_wconf 54' lang='lat' dir='ltr'><strong>lactantii—348</strong></span> <span class='ocrx_word' id='word_1_176' title='bbox 554 1490 631 1522; x_wconf 83' lang='lat' dir='ltr'><strong>Vela</strong></span> <span class='ocrx_word' id='word_1_177' title='bbox 644 1493 724 1522; x_wconf 76' lang='lat' dir='ltr'><strong>ratoe</strong></span> <span class='ocrx_word' id='word_1_178' title='bbox 748 1500 791 1523; x_wconf 85' lang='lat' dir='ltr'><strong>ex</strong></span> <span class='ocrx_word' id='word_1_179' title='bbox 815 1491 1058 1532; x_wconf 83' lang='lat' dir='ltr'><strong>manuscriptis</strong></span> <span class='ocrx_word' id='word_1_180' title='bbox 1080 1491 1232 1523; x_wconf 88' lang='lat' dir='ltr'><strong>correxit</strong></span> <span class='ocrx_word' id='word_1_181' title='bbox 1254 1490 1333 1523; x_wconf 89' lang='lat' dir='ltr'><strong>Nic.</strong></span> <span class='ocrx_word' id='word_1_182' title='bbox 1352 1490 1516 1522; x_wconf 84' lang='lat' dir='ltr'><strong>Heinsius</strong></span> <span class='ocrx_word' id='word_1_183' title='bbox 1533 1488 1576 1520; x_wconf 89' lang='lat' dir='ltr'><strong>ad</strong></span> <span class='ocrx_word' id='word_1_184' title='bbox 1593 1488 1699 1520; x_wconf 79' lang='lat' dir='ltr'><strong>ovid.</strong></span> 
     </span>
     <span class='ocr_line' id='line_1_23' title="bbox 227 1531 1700 1583; baseline 0 -21"><span class='ocrx_word' id='word_1_185' title='bbox 227 1531 318 1565; x_wconf 86' lang='lat' dir='ltr'><strong>Met.</strong></span> <span class='ocrx_word' id='word_1_186' title='bbox 333 1540 401 1564; x_wconf 75' lang='lat'><strong>111.</strong></span> <span class='ocrx_word' id='word_1_187' title='bbox 416 1535 579 1565; x_wconf 79' lang='lat'><strong>25.—349</strong></span> <span class='ocrx_word' id='word_1_188' title='bbox 601 1534 611 1551; x_wconf 87' lang='lat'>‘</span> <span class='ocrx_word' id='word_1_189' title='bbox 629 1532 670 1564; x_wconf 90' lang='lat' dir='ltr'><strong>In</strong></span> <span class='ocrx_word' id='word_1_190' title='bbox 684 1533 817 1583; x_wconf 61' lang='lat' dir='ltr'><strong>gptimo</strong></span> <span class='ocrx_word' id='word_1_191' title='bbox 832 1533 955 1566; x_wconf 83' lang='lat' dir='ltr'><strong>codice</strong></span> <span class='ocrx_word' id='word_1_192' title='bbox 979 1534 1130 1575; x_wconf 87' lang='lat' dir='ltr'><strong>legitur:</strong></span> <span class='ocrx_word' id='word_1_193' title='bbox 1155 1543 1191 1566; x_wconf 83' lang='lat' dir='ltr'><strong>ac</strong></span> <span class='ocrx_word' id='word_1_194' title='bbox 1204 1533 1409 1574; x_wconf 76' lang='lat' dir='ltr'><strong>fugientem:</strong></span> <span class='ocrx_word' id='word_1_195' title='bbox 1432 1531 1632 1564; x_wconf 85' lang='lat' dir='ltr'><strong>tantundem</strong></span> <span class='ocrx_word' id='word_1_196' title='bbox 1650 1532 1700 1562; x_wconf 85' lang='lat' dir='ltr'><strong>rei</strong></span> 
     </span>
     <span class='ocr_line' id='line_1_24' title="bbox 228 1573 1698 1609; baseline -0.001 -3"><span class='ocrx_word' id='word_1_197' title='bbox 228 1574 309 1606; x_wconf 83' lang='lat' dir='ltr'><strong>est.&#39;</strong></span> <span class='ocrx_word' id='word_1_198' title='bbox 331 1575 559 1608; x_wconf 60' lang='lat' dir='ltr'><strong>Barna—350</strong></span> <span class='ocrx_word' id='word_1_199' title='bbox 583 1576 675 1608; x_wconf 79' lang='lat' dir='ltr'><strong>Heus</strong></span> <span class='ocrx_word' id='word_1_200' title='bbox 689 1576 744 1608; x_wconf 86' lang='lat' dir='ltr'><strong>ubi</strong></span> <span class='ocrx_word' id='word_1_201' title='bbox 758 1587 839 1609; x_wconf 84' lang='lat' dir='ltr'><strong>nunc</strong></span> <span class='ocrx_word' id='word_1_202' title='bbox 861 1587 947 1609; x_wconf 89' lang='lat' dir='ltr'><strong>unus</strong></span> <span class='ocrx_word' id='word_1_203' title='bbox 963 1577 1185 1609; x_wconf 81' lang='lat' dir='ltr'><strong>Barthianus.</strong></span> <span class='ocrx_word' id='word_1_204' title='bbox 1229 1576 1319 1608; x_wconf 86' lang='lat' dir='ltr'><strong>Vide</strong></span> <span class='ocrx_word' id='word_1_205' title='bbox 1343 1576 1426 1608; x_wconf 89' lang='lat' dir='ltr'><strong>Nic.</strong></span> <span class='ocrx_word' id='word_1_206' title='bbox 1447 1574 1628 1607; x_wconf 86' lang='lat' dir='ltr'><strong>Heinsium</strong></span> <span class='ocrx_word' id='word_1_207' title='bbox 1654 1573 1698 1606; x_wconf 84' lang='lat' dir='ltr'><strong>ad</strong></span> 
     </span>
     <span class='ocr_line' id='line_1_25' title="bbox 228 1617 1693 1662; baseline -0.001 -13"><span class='ocrx_word' id='word_1_208' title='bbox 228 1617 332 1650; x_wconf 82' lang='lat' dir='ltr'><strong>ovid.</strong></span> <span class='ocrx_word' id='word_1_209' title='bbox 346 1618 494 1651; x_wconf 71' lang='lat' dir='ltr'><strong>Hei-oid.</strong></span> <span class='ocrx_word' id='word_1_210' title='bbox 511 1619 622 1661; x_wconf 84' lang='lat' dir='ltr'><strong>Epist.</strong></span> <span class='ocrx_word' id='word_1_211' title='bbox 637 1628 690 1651; x_wconf 80' lang='grc' dir='ltr'><strong>ιν.</strong></span> <span class='ocrx_word' id='word_1_212' title='bbox 705 1623 780 1653; x_wconf 84' lang='grc'><strong>150.</strong></span> <span class='ocrx_word' id='word_1_213' title='bbox 826 1619 990 1662; x_wconf 85' lang='lat' dir='ltr'><strong>Optimus</strong></span> <span class='ocrx_word' id='word_1_214' title='bbox 1006 1620 1236 1652; x_wconf 86' lang='lat' dir='ltr'><strong>Barthianus:</strong></span> <span class='ocrx_word' id='word_1_215' title='bbox 1255 1622 1353 1661; x_wconf 63' lang='lat' dir='ltr'><strong>pora.</strong></span> <span class='ocrx_word' id='word_1_216' title='bbox 1363 1629 1376 1658; x_wconf 92' lang='lat'><strong>,·</strong></span> <span class='ocrx_word' id='word_1_217' title='bbox 1398 1618 1488 1651; x_wconf 87' lang='lat' dir='ltr'><strong>unde</strong></span> <span class='ocrx_word' id='word_1_218' title='bbox 1503 1618 1561 1650; x_wconf 89' lang='lat' dir='ltr'><strong>ille</strong></span> <span class='ocrx_word' id='word_1_219' title='bbox 1573 1620 1693 1659; x_wconf 76' lang='lat' dir='ltr'><strong>portas.</strong></span> 
     </span>
    </p>
   </div>
   <div class='ocr_carea' id='block_1_6' title="bbox 894 1717 1036 1750">
    <p class='ocr_par' dir='ltr' id='par_1_13' title="bbox 894 1717 1036 1750">
     <span class='ocr_line' id='line_1_26' title="bbox 894 1717 1036 1750; baseline 0 0"><span class='ocrx_word' id='word_1_220' title='bbox 894 1718 925 1750; x_wconf 74' lang='grc' dir='ltr'><strong>Ν</strong></span> <span class='ocrx_word' id='word_1_221' title='bbox 932 1717 1036 1750; x_wconf 79' lang='lat' dir='ltr'><strong>OTAE</strong></span> 
     </span>
    </p>
   </div>
   <div class='ocr_carea' id='block_1_7' title="bbox 182 1772 940 2788">
    <p class='ocr_par' dir='ltr' id='par_1_14' title="bbox 182 1772 939 1873">
     <span class='ocr_line' id='line_1_27' title="bbox 182 1772 939 1823; baseline 0.004 -12"><span class='ocrx_word' id='word_1_222' title='bbox 182 1772 184 1775; x_wconf 66' lang='grc'><strong>’</strong></span> <span class='ocrx_word' id='word_1_223' title='bbox 228 1780 306 1812; x_wconf 84' lang='lat' dir='ltr'><strong>bus.</strong></span> <span class='ocrx_word' id='word_1_224' title='bbox 342 1780 389 1811; x_wconf 82' lang='lat' dir='ltr'><strong>Et</strong></span> <span class='ocrx_word' id='word_1_225' title='bbox 398 1779 523 1821; x_wconf 73' lang='lat' dir='ltr'><strong>pectine</strong></span> <span class='ocrx_word' id='word_1_226' title='bbox 538 1779 665 1822; x_wconf 79' lang='lat' dir='ltr'><strong><em>Phoebz&#39;]</em></strong></span> <span class='ocrx_word' id='word_1_227' title='bbox 690 1782 782 1823; x_wconf 88' lang='lat' dir='ltr'><strong>Lyra</strong></span> <span class='ocrx_word' id='word_1_228' title='bbox 796 1782 939 1823; x_wconf 84' lang='lat' dir='ltr'><strong>pectine</strong></span> 
     </span>
     <span class='ocr_line' id='line_1_28' title="bbox 229 1832 380 1873; baseline -0.013 -9"><span class='ocrx_word' id='word_1_229' title='bbox 229 1832 380 1873; x_wconf 84' lang='lat' dir='ltr'><strong>pulsata.</strong></span> 
     </span>
    </p>

    <p class='ocr_par' dir='ltr' id='par_1_15' title="bbox 227 1882 940 2126">
     <span class='ocr_line' id='line_1_29' title="bbox 271 1882 940 1924; baseline 0.001 -10"><span class='ocrx_word' id='word_1_230' title='bbox 271 1884 336 1914; x_wconf 75' lang='lat'><strong>344</strong></span> <span class='ocrx_word' id='word_1_231' title='bbox 362 1882 519 1924; x_wconf 80' lang='lat' dir='ltr'><strong>Orpheus]</strong></span> <span class='ocrx_word' id='word_1_232' title='bbox 545 1882 705 1924; x_wconf 87' lang='lat' dir='ltr'><strong>Orpheus</strong></span> <span class='ocrx_word' id='word_1_233' title='bbox 721 1883 889 1923; x_wconf 79' lang='lat' dir='ltr'><strong>Mnsicus,</strong></span> <span class='ocrx_word' id='word_1_234' title='bbox 903 1886 940 1915; x_wconf 85' lang='lat' dir='ltr'><strong>et</strong></span> 
     </span>
     <span class='ocr_line' id='line_1_30' title="bbox 227 1932 939 1974; baseline -0.003 -8"><span class='ocrx_word' id='word_1_235' title='bbox 227 1932 342 1966; x_wconf 65' lang='lat' dir='ltr'><strong>Poeta</strong></span> <span class='ocrx_word' id='word_1_236' title='bbox 375 1933 634 1974; x_wconf 88' lang='lat' dir='ltr'><strong>celeberrimus,</strong></span> <span class='ocrx_word' id='word_1_237' title='bbox 670 1932 841 1974; x_wconf 80' lang='lat' dir='ltr'><strong>Apollinis</strong></span> <span class='ocrx_word' id='word_1_238' title='bbox 878 1942 939 1964; x_wconf 87' lang='lat' dir='ltr'><strong>seu</strong></span> 
     </span>
     <span class='ocr_line' id='line_1_31' title="bbox 228 1983 936 2026; baseline -0.001 -10"><span class='ocrx_word' id='word_1_239' title='bbox 228 1984 346 2026; x_wconf 86' lang='lat' dir='ltr'><strong>potius</strong></span> <span class='ocrx_word' id='word_1_240' title='bbox 361 1984 480 2024; x_wconf 79' lang='lat' dir='ltr'><strong>OEagri</strong></span> <span class='ocrx_word' id='word_1_241' title='bbox 495 1983 584 2015; x_wconf 84' lang='lat' dir='ltr'><strong>filius</strong></span> <span class='ocrx_word' id='word_1_242' title='bbox 599 1993 640 2016; x_wconf 84' lang='lat' dir='ltr'><strong>ac</strong></span> <span class='ocrx_word' id='word_1_243' title='bbox 667 1983 841 2025; x_wconf 88' lang='lat' dir='ltr'><strong>Calliopes</strong></span> <span class='ocrx_word' id='word_1_244' title='bbox 858 1984 936 2015; x_wconf 87' lang='lat' dir='ltr'><strong>Mu-</strong></span> 
     </span>
     <span class='ocr_line' id='line_1_32' title="bbox 229 2034 936 2076; baseline 0 -10"><span class='ocrx_word' id='word_1_245' title='bbox 229 2044 288 2076; x_wconf 80' lang='lat' dir='ltr'><strong>sae,</strong></span> <span class='ocrx_word' id='word_1_246' title='bbox 301 2034 382 2066; x_wconf 86' lang='lat' dir='ltr'><strong>hinc</strong></span> <span class='ocrx_word' id='word_1_247' title='bbox 404 2035 414 2052; x_wconf 93' lang='lat'>‘</span> <span class='ocrx_word' id='word_1_248' title='bbox 428 2034 590 2076; x_wconf 85' lang='lat' dir='ltr'><strong>OEagrius</strong></span> <span class='ocrx_word' id='word_1_249' title='bbox 604 2034 612 2049; x_wconf 89' lang='lat'><em>&#39;</em></span> <span class='ocrx_word' id='word_1_250' title='bbox 637 2034 766 2072; x_wconf 87' lang='lat' dir='ltr'><strong>dictus,</strong></span> <span class='ocrx_word' id='word_1_251' title='bbox 790 2043 875 2066; x_wconf 90' lang='lat' dir='ltr'><strong>unus</strong></span> <span class='ocrx_word' id='word_1_252' title='bbox 892 2043 936 2066; x_wconf 91' lang='lat' dir='ltr'><strong>ex</strong></span> 
     </span>
     <span class='ocr_line' id='line_1_33' title="bbox 228 2084 453 2126; baseline 0 -9"><span class='ocrx_word' id='word_1_253' title='bbox 228 2084 453 2126; x_wconf 80' lang='lat' dir='ltr'><strong>Argonautis.</strong></span> 
     </span>
    </p>

    <p class='ocr_par' dir='ltr' id='par_1_16' title="bbox 226 2135 934 2320">
     <span class='ocr_line' id='line_1_34' title="bbox 272 2135 934 2177; baseline 0.002 -9"><span class='ocrx_word' id='word_1_254' title='bbox 272 2139 335 2169; x_wconf 73' lang='lat'><strong>845</strong></span> <span class='ocrx_word' id='word_1_255' title='bbox 362 2137 533 2177; x_wconf 79' lang='lat' dir='ltr'><strong>Tantosque</strong></span> <span class='ocrx_word' id='word_1_256' title='bbox 548 2136 640 2175; x_wconf 73' lang='lat' dir='ltr'><strong>jubet</strong></span> <span class='ocrx_word' id='word_1_257' title='bbox 660 2136 780 2168; x_wconf 82' lang='lat' dir='ltr'><strong>nescire</strong></span> <span class='ocrx_word' id='word_1_258' title='bbox 801 2135 934 2177; x_wconf 84' lang='lat' dir='ltr'><strong>labores]</strong></span> 
     </span>
     <span class='ocr_line' id='line_1_35' title="bbox 226 2186 934 2220; baseline 0 -1"><span class='ocrx_word' id='word_1_259' title='bbox 226 2188 339 2219; x_wconf 80' lang='lat' dir='ltr'><strong>Tanta</strong></span> <span class='ocrx_word' id='word_1_260' title='bbox 354 2187 443 2218; x_wconf 87' lang='lat' dir='ltr'><strong>enim</strong></span> <span class='ocrx_word' id='word_1_261' title='bbox 460 2191 537 2219; x_wconf 87' lang='lat' dir='ltr'><strong>erat</strong></span> <span class='ocrx_word' id='word_1_262' title='bbox 552 2186 700 2219; x_wconf 84' lang='lat' dir='ltr'><strong>dulcedo</strong></span> <span class='ocrx_word' id='word_1_263' title='bbox 722 2192 844 2219; x_wconf 82' lang='lat' dir='ltr'><strong>cantus</strong></span> <span class='ocrx_word' id='word_1_264' title='bbox 869 2188 934 2220; x_wconf 86' lang='lat' dir='ltr'><strong>Or-</strong></span> 
     </span>
     <span class='ocr_line' id='line_1_36' title="bbox 228 2237 934 2279; baseline 0.001 -10"><span class='ocrx_word' id='word_1_265' title='bbox 228 2238 321 2279; x_wconf 87' lang='lat' dir='ltr'><strong>phei,</strong></span> <span class='ocrx_word' id='word_1_266' title='bbox 336 2242 374 2269; x_wconf 90' lang='lat' dir='ltr'><strong>ut</strong></span> <span class='ocrx_word' id='word_1_267' title='bbox 390 2237 481 2269; x_wconf 81' lang='lat' dir='ltr'><strong>inter</strong></span> <span class='ocrx_word' id='word_1_268' title='bbox 504 2237 740 2279; x_wconf 87' lang='lat' dir='ltr'><strong>remigandum</strong></span> <span class='ocrx_word' id='word_1_269' title='bbox 764 2247 832 2270; x_wconf 90' lang='lat' dir='ltr'><strong>non</strong></span> <span class='ocrx_word' id='word_1_270' title='bbox 857 2248 934 2271; x_wconf 86' lang='lat' dir='ltr'><strong>sen-</strong></span> 
     </span>
     <span class='ocr_line' id='line_1_37' title="bbox 228 2287 520 2320; baseline -0.007 0"><span class='ocrx_word' id='word_1_271' title='bbox 228 2288 340 2320; x_wconf 85' lang='lat' dir='ltr'><strong>tirent</strong></span> <span class='ocrx_word' id='word_1_272' title='bbox 354 2287 520 2320; x_wconf 83' lang='lat' dir='ltr'><strong>laborem.</strong></span> 
     </span>
    </p>

    <p class='ocr_par' dir='ltr' id='par_1_17' title="bbox 228 2338 938 2524">
     <span class='ocr_line' id='line_1_38' title="bbox 272 2338 936 2381; baseline 0.003 -11"><span class='ocrx_word' id='word_1_273' title='bbox 272 2341 337 2371; x_wconf 75' lang='lat'><strong>346</strong></span> <span class='ocrx_word' id='word_1_274' title='bbox 359 2338 399 2370; x_wconf 90' lang='lat' dir='ltr'><strong>In</strong></span> <span class='ocrx_word' id='word_1_275' title='bbox 423 2338 607 2380; x_wconf 75' lang='lat' dir='ltr'><strong>Scythicum</strong></span> <span class='ocrx_word' id='word_1_276' title='bbox 633 2339 777 2381; x_wconf 88' lang='lat' dir='ltr'><strong>Borean]</strong></span> <span class='ocrx_word' id='word_1_277' title='bbox 810 2340 854 2372; x_wconf 91' lang='lat' dir='ltr'><strong>Id</strong></span> <span class='ocrx_word' id='word_1_278' title='bbox 870 2344 936 2381; x_wconf 82' lang='lat' dir='ltr'><strong>est,</strong></span> 
     </span>
     <span class='ocr_line' id='line_1_39' title="bbox 228 2388 937 2432; baseline 0 -10"><span class='ocrx_word' id='word_1_279' title='bbox 228 2392 264 2422; x_wconf 88' lang='lat' dir='ltr'><strong>in</strong></span> <span class='ocrx_word' id='word_1_280' title='bbox 279 2389 456 2431; x_wconf 76' lang='lat' dir='ltr'><strong>regionem</strong></span> <span class='ocrx_word' id='word_1_281' title='bbox 470 2399 513 2421; x_wconf 90' lang='lat' dir='ltr'><strong>ex</strong></span> <span class='ocrx_word' id='word_1_282' title='bbox 528 2399 596 2432; x_wconf 87' lang='lat' dir='ltr'><strong>qua</strong></span> <span class='ocrx_word' id='word_1_283' title='bbox 605 2388 668 2423; x_wconf 86' lang='lat' dir='ltr'><strong>flat</strong></span> <span class='ocrx_word' id='word_1_284' title='bbox 684 2391 829 2432; x_wconf 84' lang='lat' dir='ltr'><strong>Boreas,</strong></span> <span class='ocrx_word' id='word_1_285' title='bbox 845 2391 937 2423; x_wconf 87' lang='lat' dir='ltr'><strong>scili-</strong></span> 
     </span>
     <span class='ocr_line' id='line_1_40' title="bbox 228 2440 938 2483; baseline 0 -10"><span class='ocrx_word' id='word_1_286' title='bbox 228 2445 287 2473; x_wconf 89' lang='lat' dir='ltr'><strong>cet</strong></span> <span class='ocrx_word' id='word_1_287' title='bbox 301 2441 334 2472; x_wconf 90' lang='lat' dir='ltr'><strong>in</strong></span> <span class='ocrx_word' id='word_1_288' title='bbox 359 2441 547 2482; x_wconf 85' lang='lat' dir='ltr'><strong>Scythiam.</strong></span> <span class='ocrx_word' id='word_1_289' title='bbox 591 2440 711 2473; x_wconf 84' lang='lat' dir='ltr'><strong>Colchi</strong></span> <span class='ocrx_word' id='word_1_290' title='bbox 739 2441 830 2473; x_wconf 89' lang='lat' dir='ltr'><strong>enim</strong></span> <span class='ocrx_word' id='word_1_291' title='bbox 856 2442 938 2483; x_wconf 87' lang='lat' dir='ltr'><strong>Scy-</strong></span> 
     </span>
     <span class='ocr_line' id='line_1_41' title="bbox 228 2490 527 2524; baseline -0.007 0"><span class='ocrx_word' id='word_1_292' title='bbox 228 2492 295 2524; x_wconf 80' lang='lat' dir='ltr'><strong>this</strong></span> <span class='ocrx_word' id='word_1_293' title='bbox 312 2490 527 2523; x_wconf 77' lang='lat' dir='ltr'><strong>contermini.</strong></span> 
     </span>
    </p>

    <p class='ocr_par' dir='ltr' id='par_1_18' title="bbox 225 2540 937 2788">
     <span class='ocr_line' id='line_1_42' title="bbox 271 2540 937 2584; baseline -0.006 -8"><span class='ocrx_word' id='word_1_294' title='bbox 271 2545 335 2575; x_wconf 72' lang='lat'><strong>847</strong></span> <span class='ocrx_word' id='word_1_295' title='bbox 361 2542 494 2584; x_wconf 81' lang='lat' dir='ltr'><strong>Cyaneis</strong></span> <span class='ocrx_word' id='word_1_296' title='bbox 507 2540 614 2582; x_wconf 80' lang='lat' dir='ltr'><strong>vadis]</strong></span> <span class='ocrx_word' id='word_1_297' title='bbox 638 2541 788 2582; x_wconf 85' lang='lat' dir='ltr'><strong>Cyaneae</strong></span> <span class='ocrx_word' id='word_1_298' title='bbox 804 2540 937 2581; x_wconf 88' lang='lat' dir='ltr'><strong>insulae,</strong></span> 
     </span>
     <span class='ocr_line' id='line_1_43' title="bbox 228 2591 937 2634; baseline -0.003 -9"><span class='ocrx_word' id='word_1_299' title='bbox 228 2603 289 2625; x_wconf 90' lang='lat' dir='ltr'><strong>seu</strong></span> <span class='ocrx_word' id='word_1_300' title='bbox 315 2593 428 2634; x_wconf 86' lang='lat' dir='ltr'><strong>potius</strong></span> <span class='ocrx_word' id='word_1_301' title='bbox 453 2591 587 2633; x_wconf 86' lang='lat' dir='ltr'><strong>scopuli</strong></span> <span class='ocrx_word' id='word_1_302' title='bbox 609 2592 644 2623; x_wconf 91' lang='lat' dir='ltr'><strong>in</strong></span> <span class='ocrx_word' id='word_1_303' title='bbox 669 2592 784 2624; x_wconf 90' lang='lat' dir='ltr'><strong>Ponto</strong></span> <span class='ocrx_word' id='word_1_304' title='bbox 801 2592 937 2623; x_wconf 82' lang='lat' dir='ltr'><strong>Euxino</strong></span> 
     </span>
     <span class='ocr_line' id='line_1_44' title="bbox 228 2641 934 2684; baseline -0.003 -9"><span class='ocrx_word' id='word_1_305' title='bbox 228 2643 322 2675; x_wconf 87' lang='lat' dir='ltr'><strong>mille</strong></span> <span class='ocrx_word' id='word_1_306' title='bbox 336 2642 531 2684; x_wconf 84' lang='lat' dir='ltr'><strong>quingentis</strong></span> <span class='ocrx_word' id='word_1_307' title='bbox 547 2641 705 2683; x_wconf 86' lang='lat' dir='ltr'><strong>passibus</strong></span> <span class='ocrx_word' id='word_1_308' title='bbox 722 2642 764 2674; x_wconf 85' lang='lat' dir='ltr'><strong>ab</strong></span> <span class='ocrx_word' id='word_1_309' title='bbox 780 2642 934 2684; x_wconf 84' lang='lat' dir='ltr'><strong>Europa,</strong></span> 
     </span>
     <span class='ocr_line' id='line_1_45' title="bbox 228 2694 931 2736; baseline -0.003 -8"><span class='ocrx_word' id='word_1_310' title='bbox 228 2698 282 2728; x_wconf 83' lang='grc'><strong>14.</strong></span> <span class='ocrx_word' id='word_1_311' title='bbox 310 2695 393 2727; x_wconf 90' lang='lat' dir='ltr'><strong>mill.</strong></span> <span class='ocrx_word' id='word_1_312' title='bbox 413 2695 456 2727; x_wconf 77' lang='lat' dir='ltr'><strong>ab</strong></span> <span class='ocrx_word' id='word_1_313' title='bbox 476 2695 563 2727; x_wconf 83' lang='lat' dir='ltr'><strong>ostio</strong></span> <span class='ocrx_word' id='word_1_314' title='bbox 588 2694 772 2736; x_wconf 77' lang='lat' dir='ltr'><strong>distantes,</strong></span> <span class='ocrx_word' id='word_1_315' title='bbox 792 2694 931 2727; x_wconf 86' lang='lat' dir='ltr'><strong>modico</strong></span> 
     </span>
     <span class='ocr_line' id='line_1_46' title="bbox 225 2744 929 2788; baseline -0.001 -10"><span class='ocrx_word' id='word_1_316' title='bbox 225 2746 341 2788; x_wconf 76' lang='lat' dir='ltr'><strong>spatio</strong></span> <span class='ocrx_word' id='word_1_317' title='bbox 356 2754 375 2778; x_wconf 78' lang='lat' dir='ltr'><strong>a</strong></span> <span class='ocrx_word' id='word_1_318' title='bbox 391 2754 428 2778; x_wconf 84' lang='lat' dir='ltr'><strong>se</strong></span> <span class='ocrx_word' id='word_1_319' title='bbox 444 2745 600 2778; x_wconf 82' lang='lat' dir='ltr'><strong>discreti.</strong></span> <span class='ocrx_word' id='word_1_320' title='bbox 646 2744 747 2778; x_wconf 88' lang='lat' dir='ltr'><strong>Unde</strong></span> <span class='ocrx_word' id='word_1_321' title='bbox 763 2744 866 2778; x_wconf 80' lang='lat' dir='ltr'><strong>datus</strong></span> <span class='ocrx_word' id='word_1_322' title='bbox 881 2745 929 2777; x_wconf 92' lang='lat' dir='ltr'><strong>lo-</strong></span> 
     </span>
    </p>
   </div>
   <div class='ocr_carea' id='block_1_8' title="bbox 985 1779 1700 2788">
    <p class='ocr_par' dir='ltr' id='par_1_19' title="bbox 989 1779 1700 2534">
     <span class='ocr_line' id='line_1_47' title="bbox 993 1779 1700 1822; baseline -0.006 -8"><span class='ocrx_word' id='word_1_323' title='bbox 993 1792 1054 1814; x_wconf 87' lang='lat' dir='ltr'><strong>cus</strong></span> <span class='ocrx_word' id='word_1_324' title='bbox 1080 1781 1203 1814; x_wconf 68' lang='lat' dir='ltr'><strong>Poetis</strong></span> <span class='ocrx_word' id='word_1_325' title='bbox 1229 1779 1404 1814; x_wconf 84' lang='lat' dir='ltr'><strong>scribendi</strong></span> <span class='ocrx_word' id='word_1_326' title='bbox 1427 1780 1582 1822; x_wconf 84' lang='lat' dir='ltr'><strong>Cyaneas</strong></span> <span class='ocrx_word' id='word_1_327' title='bbox 1608 1779 1700 1811; x_wconf 83' lang='lat' dir='ltr'><strong>inter</strong></span> 
     </span>
     <span class='ocr_line' id='line_1_48' title="bbox 994 1829 1700 1874; baseline -0.006 -9"><span class='ocrx_word' id='word_1_328' title='bbox 994 1843 1031 1865; x_wconf 88' lang='lat' dir='ltr'><strong>se</strong></span> <span class='ocrx_word' id='word_1_329' title='bbox 1047 1842 1268 1872; x_wconf 86' lang='lat' dir='ltr'><strong>concurrere,</strong></span> <span class='ocrx_word' id='word_1_330' title='bbox 1294 1830 1386 1874; x_wconf 88' lang='lat' dir='ltr'><strong>quod</strong></span> <span class='ocrx_word' id='word_1_331' title='bbox 1409 1840 1453 1862; x_wconf 88' lang='lat' dir='ltr'><strong>ex</strong></span> <span class='ocrx_word' id='word_1_332' title='bbox 1480 1830 1622 1862; x_wconf 80' lang='lat' dir='ltr'><strong>adverso</strong></span> <span class='ocrx_word' id='word_1_333' title='bbox 1648 1829 1700 1861; x_wconf 90' lang='lat' dir='ltr'><strong>in-</strong></span> 
     </span>
     <span class='ocr_line' id='line_1_49' title="bbox 993 1882 1698 1922; baseline -0.006 -6"><span class='ocrx_word' id='word_1_334' title='bbox 993 1884 1164 1916; x_wconf 84' lang='lat' dir='ltr'><strong>trantibus</strong></span> <span class='ocrx_word' id='word_1_335' title='bbox 1194 1883 1273 1916; x_wconf 79' lang='lat' dir='ltr'><strong>duae</strong></span> <span class='ocrx_word' id='word_1_336' title='bbox 1303 1882 1476 1922; x_wconf 85' lang='lat' dir='ltr'><strong>videntur,</strong></span> <span class='ocrx_word' id='word_1_337' title='bbox 1499 1889 1587 1913; x_wconf 79' lang='lat' dir='ltr'><strong>nave</strong></span> <span class='ocrx_word' id='word_1_338' title='bbox 1616 1890 1698 1913; x_wconf 86' lang='lat' dir='ltr'><strong>vero</strong></span> 
     </span>
     <span class='ocr_line' id='line_1_50' title="bbox 993 1930 1698 1976; baseline -0.004 -10"><span class='ocrx_word' id='word_1_339' title='bbox 993 1935 1168 1976; x_wconf 83' lang='lat' dir='ltr'><strong>paululum</strong></span> <span class='ocrx_word' id='word_1_340' title='bbox 1194 1934 1237 1966; x_wconf 83' lang='lat' dir='ltr'><strong>ad</strong></span> <span class='ocrx_word' id='word_1_341' title='bbox 1264 1934 1410 1966; x_wconf 85' lang='lat' dir='ltr'><strong>alterum</strong></span> <span class='ocrx_word' id='word_1_342' title='bbox 1434 1933 1526 1964; x_wconf 82' lang='lat' dir='ltr'><strong>latus</strong></span> <span class='ocrx_word' id='word_1_343' title='bbox 1550 1930 1698 1971; x_wconf 81' lang='lat' dir='ltr'><strong>deflexa,</strong></span> 
     </span>
     <span class='ocr_line' id='line_1_51' title="bbox 993 1982 1697 2024; baseline -0.004 -8"><span class='ocrx_word' id='word_1_344' title='bbox 993 1993 1060 2016; x_wconf 85' lang='lat' dir='ltr'><strong>una</strong></span> <span class='ocrx_word' id='word_1_345' title='bbox 1088 1988 1220 2017; x_wconf 87' lang='lat' dir='ltr'><strong>tantum</strong></span> <span class='ocrx_word' id='word_1_346' title='bbox 1251 1984 1416 2017; x_wconf 87' lang='lat' dir='ltr'><strong>cernitur.</strong></span> <span class='ocrx_word' id='word_1_347' title='bbox 1476 1982 1697 2024; x_wconf 82' lang='lat' dir='ltr'><strong>‘Symplega-</strong></span> 
     </span>
     <span class='ocr_line' id='line_1_52' title="bbox 992 2032 1698 2074; baseline -0.006 -7"><span class='ocrx_word' id='word_1_348' title='bbox 992 2034 1070 2067; x_wconf 76' lang='lat' dir='ltr'><strong>des&#39;</strong></span> <span class='ocrx_word' id='word_1_349' title='bbox 1096 2035 1202 2067; x_wconf 78' lang='lat' dir='ltr'><strong>eliam</strong></span> <span class='ocrx_word' id='word_1_350' title='bbox 1223 2033 1437 2067; x_wconf 84' lang='lat' dir='ltr'><strong>vocabantur</strong></span> <span class='ocrx_word' id='word_1_351' title='bbox 1460 2038 1497 2065; x_wconf 88' lang='lat' dir='ltr'><strong>et</strong></span> <span class='ocrx_word' id='word_1_352' title='bbox 1519 2033 1530 2051; x_wconf 90' lang='lat'>‘</span> <span class='ocrx_word' id='word_1_353' title='bbox 1545 2032 1698 2074; x_wconf 82' lang='lat' dir='ltr'><strong>Syndro-</strong></span> 
     </span>
     <span class='ocr_line' id='line_1_53' title="bbox 989 2083 1696 2124; baseline -0.006 -7"><span class='ocrx_word' id='word_1_354' title='bbox 989 2084 1125 2118; x_wconf 87' lang='lat' dir='ltr'><strong>mides.’</strong></span> <span class='ocrx_word' id='word_1_355' title='bbox 1170 2085 1238 2117; x_wconf 87' lang='lat' dir='ltr'><strong>Eas</strong></span> <span class='ocrx_word' id='word_1_356' title='bbox 1254 2084 1474 2117; x_wconf 82' lang='lat' dir='ltr'><strong>transmisere</strong></span> <span class='ocrx_word' id='word_1_357' title='bbox 1485 2083 1696 2124; x_wconf 82' lang='lat' dir='ltr'><strong>Argonantae</strong></span> 
     </span>
     <span class='ocr_line' id='line_1_54' title="bbox 991 2132 1696 2177; baseline -0.004 -10"><span class='ocrx_word' id='word_1_358' title='bbox 991 2134 1116 2168; x_wconf 86' lang='lat' dir='ltr'><strong>Phinei</strong></span> <span class='ocrx_word' id='word_1_359' title='bbox 1140 2135 1296 2173; x_wconf 85' lang='lat' dir='ltr'><strong>consilio,</strong></span> <span class='ocrx_word' id='word_1_360' title='bbox 1323 2134 1499 2177; x_wconf 83' lang='lat' dir='ltr'><strong>praemissa</strong></span> <span class='ocrx_word' id='word_1_361' title='bbox 1523 2133 1590 2165; x_wconf 83' lang='lat' dir='ltr'><strong>viae</strong></span> <span class='ocrx_word' id='word_1_362' title='bbox 1606 2132 1696 2164; x_wconf 80' lang='lat' dir='ltr'><strong>duce</strong></span> 
     </span>
     <span class='ocr_line' id='line_1_55' title="bbox 989 2183 1697 2226; baseline -0.004 -8"><span class='ocrx_word' id='word_1_363' title='bbox 989 2186 1161 2226; x_wconf 86' lang='lat' dir='ltr'><strong>columba,</strong></span> <span class='ocrx_word' id='word_1_364' title='bbox 1175 2195 1241 2218; x_wconf 89' lang='lat' dir='ltr'><strong>non</strong></span> <span class='ocrx_word' id='word_1_365' title='bbox 1254 2187 1329 2218; x_wconf 89' lang='lat' dir='ltr'><strong>sine</strong></span> <span class='ocrx_word' id='word_1_366' title='bbox 1339 2185 1548 2224; x_wconf 87' lang='lat' dir='ltr'><strong>discrimine,</strong></span> <span class='ocrx_word' id='word_1_367' title='bbox 1560 2183 1697 2216; x_wconf 81' lang='lat' dir='ltr'><strong>mutila-</strong></span> 
     </span>
     <span class='ocr_line' id='line_1_56' title="bbox 991 2235 1697 2278; baseline -0.003 -10"><span class='ocrx_word' id='word_1_368' title='bbox 991 2241 1027 2269; x_wconf 88' lang='lat' dir='ltr'><strong>ta</strong></span> <span class='ocrx_word' id='word_1_369' title='bbox 1042 2237 1263 2270; x_wconf 82' lang='lat' dir='ltr'><strong>extremitate</strong></span> <span class='ocrx_word' id='word_1_370' title='bbox 1285 2236 1424 2278; x_wconf 82' lang='lat' dir='ltr'><strong>puppis,</strong></span> <span class='ocrx_word' id='word_1_371' title='bbox 1472 2235 1608 2268; x_wconf 71' lang='lat' dir='ltr'><strong>Tltracia</strong></span> <span class='ocrx_word' id='word_1_372' title='bbox 1626 2236 1697 2267; x_wconf 75' lang='lat' dir='ltr'><strong>visu</strong></span> 
     </span>
     <span class='ocr_line' id='line_1_57' title="bbox 990 2286 1696 2328; baseline -0.004 -8"><span class='ocrx_word' id='word_1_373' title='bbox 990 2288 1085 2320; x_wconf 79' lang='lat' dir='ltr'><strong>Bella</strong></span> <span class='ocrx_word' id='word_1_374' title='bbox 1097 2287 1193 2328; x_wconf 63' lang='grc' dir='ltr'>ναίω]</span> <span class='ocrx_word' id='word_1_375' title='bbox 1221 2287 1372 2319; x_wconf 81' lang='lat' dir='ltr'><strong>Thraces</strong></span> <span class='ocrx_word' id='word_1_376' title='bbox 1399 2286 1503 2327; x_wconf 87' lang='lat' dir='ltr'><strong>enim,</strong></span> <span class='ocrx_word' id='word_1_377' title='bbox 1525 2289 1566 2318; x_wconf 88' lang='lat' dir='ltr'><strong>ut</strong></span> <span class='ocrx_word' id='word_1_378' title='bbox 1590 2295 1696 2327; x_wconf 84' lang='lat' dir='ltr'><strong>supra</strong></span> 
     </span>
     <span class='ocr_line' id='line_1_58' title="bbox 991 2335 1695 2379; baseline -0.004 -9"><span class='ocrx_word' id='word_1_379' title='bbox 991 2338 1136 2370; x_wconf 87' lang='lat' dir='ltr'><strong>vidimus</strong></span> <span class='ocrx_word' id='word_1_380' title='bbox 1149 2337 1239 2370; x_wconf 90' lang='lat' dir='ltr'><strong>bello</strong></span> <span class='ocrx_word' id='word_1_381' title='bbox 1256 2337 1358 2379; x_wconf 89' lang='lat' dir='ltr'><strong>petiti</strong></span> <span class='ocrx_word' id='word_1_382' title='bbox 1374 2335 1527 2377; x_wconf 86' lang='lat' dir='ltr'><strong>fuerant,</strong></span> <span class='ocrx_word' id='word_1_383' title='bbox 1545 2335 1695 2379; x_wconf 83' lang='lat' dir='ltr'><strong>caesique</strong></span> 
     </span>
     <span class='ocr_line' id='line_1_59' title="bbox 991 2388 1695 2431; baseline -0.006 -8"><span class='ocrx_word' id='word_1_384' title='bbox 991 2401 1012 2423; x_wconf 86' lang='lat' dir='ltr'><strong>a</strong></span> <span class='ocrx_word' id='word_1_385' title='bbox 1027 2390 1189 2423; x_wconf 84' lang='lat' dir='ltr'><strong>Lemniis.</strong></span> <span class='ocrx_word' id='word_1_386' title='bbox 1229 2390 1252 2423; x_wconf 85' lang='lat' dir='ltr'>J</span> <span class='ocrx_word' id='word_1_387' title='bbox 1257 2399 1315 2422; x_wconf 88' lang='lat' dir='ltr'><strong>ure</strong></span> <span class='ocrx_word' id='word_1_388' title='bbox 1330 2398 1413 2431; x_wconf 83' lang='lat' dir='ltr'><strong>ergo</strong></span> <span class='ocrx_word' id='word_1_389' title='bbox 1427 2388 1572 2421; x_wconf 85' lang='lat' dir='ltr'><strong>credere</strong></span> <span class='ocrx_word' id='word_1_390' title='bbox 1597 2392 1695 2429; x_wconf 89' lang='lat' dir='ltr'><strong>pote-</strong></span> 
     </span>
     <span class='ocr_line' id='line_1_60' title="bbox 993 2438 1696 2480; baseline -0.006 -7"><span class='ocrx_word' id='word_1_391' title='bbox 993 2446 1071 2474; x_wconf 83' lang='lat' dir='ltr'><strong>rant</strong></span> <span class='ocrx_word' id='word_1_392' title='bbox 1088 2441 1292 2474; x_wconf 86' lang='lat' dir='ltr'><strong>Lemniades</strong></span> <span class='ocrx_word' id='word_1_393' title='bbox 1306 2440 1455 2473; x_wconf 80' lang='lat' dir='ltr'><strong>Thracas</strong></span> <span class='ocrx_word' id='word_1_394' title='bbox 1469 2439 1596 2472; x_wconf 89' lang='lat' dir='ltr'><strong>bellum</strong></span> <span class='ocrx_word' id='word_1_395' title='bbox 1612 2438 1696 2480; x_wconf 85' lang='lat' dir='ltr'><strong>ipsis</strong></span> 
     </span>
     <span class='ocr_line' id='line_1_61' title="bbox 992 2491 1566 2534; baseline -0.009 -8"><span class='ocrx_word' id='word_1_396' title='bbox 992 2492 1134 2534; x_wconf 83' lang='lat' dir='ltr'><strong>inferre,</strong></span> <span class='ocrx_word' id='word_1_397' title='bbox 1149 2492 1307 2534; x_wconf 79' lang='lat' dir='ltr'><strong>proprias</strong></span> <span class='ocrx_word' id='word_1_398' title='bbox 1323 2491 1439 2524; x_wconf 85' lang='lat' dir='ltr'><strong>clades</strong></span> <span class='ocrx_word' id='word_1_399' title='bbox 1453 2491 1566 2522; x_wconf 83' lang='lat' dir='ltr'><strong>ulturi.</strong></span> 
     </span>
    </p>

    <p class='ocr_par' dir='ltr' id='par_1_20' title="bbox 985 2539 1694 2788">
     <span class='ocr_line' id='line_1_62' title="bbox 1034 2539 1693 2582; baseline -0.008 -7"><span class='ocrx_word' id='word_1_400' title='bbox 1034 2546 1098 2575; x_wconf 80' lang='lat'><strong>350</strong></span> <span class='ocrx_word' id='word_1_401' title='bbox 1124 2543 1196 2575; x_wconf 85' lang='lat' dir='ltr'><strong>Heu</strong></span> <span class='ocrx_word' id='word_1_402' title='bbox 1207 2543 1259 2575; x_wconf 84' lang='lat' dir='ltr'><strong>ubi</strong></span> <span class='ocrx_word' id='word_1_403' title='bbox 1273 2541 1477 2582; x_wconf 73' lang='lat' dir='ltr'><strong>nrcncfarioe]</strong></span> <span class='ocrx_word' id='word_1_404' title='bbox 1493 2542 1589 2572; x_wconf 86' lang='lat' dir='ltr'><strong>Tune</strong></span> <span class='ocrx_word' id='word_1_405' title='bbox 1603 2539 1693 2571; x_wconf 87' lang='lat' dir='ltr'><strong>enim</strong></span> 
     </span>
     <span class='ocr_line' id='line_1_63' title="bbox 990 2590 1693 2631; baseline -0.009 -5"><span class='ocrx_word' id='word_1_406' title='bbox 990 2603 1033 2625; x_wconf 87' lang='lat' dir='ltr'><strong>ex</strong></span> <span class='ocrx_word' id='word_1_407' title='bbox 1050 2604 1111 2626; x_wconf 88' lang='lat' dir='ltr'><strong>usu</strong></span> <span class='ocrx_word' id='word_1_408' title='bbox 1128 2593 1277 2625; x_wconf 83' lang='lat' dir='ltr'><strong>fuissent</strong></span> <span class='ocrx_word' id='word_1_409' title='bbox 1292 2593 1391 2625; x_wconf 88' lang='lat' dir='ltr'><strong>nobis</strong></span> <span class='ocrx_word' id='word_1_410' title='bbox 1415 2591 1457 2623; x_wconf 87' lang='lat' dir='ltr'><strong>ad</strong></span> <span class='ocrx_word' id='word_1_411' title='bbox 1477 2590 1693 2631; x_wconf 84' lang='lat' dir='ltr'><strong>repellendos</strong></span> 
     </span>
     <span class='ocr_line' id='line_1_64' title="bbox 989 2640 1694 2684; baseline -0.007 -8"><span class='ocrx_word' id='word_1_412' title='bbox 989 2645 1114 2676; x_wconf 76' lang='lat' dir='ltr'><strong>hostes.</strong></span> <span class='ocrx_word' id='word_1_413' title='bbox 1159 2643 1291 2684; x_wconf 78' lang='lat' dir='ltr'><strong>Portus]</strong></span> <span class='ocrx_word' id='word_1_414' title='bbox 1313 2641 1481 2682; x_wconf 82' lang='lat' dir='ltr'><strong>Intelligit</strong></span> <span class='ocrx_word' id='word_1_415' title='bbox 1495 2640 1616 2681; x_wconf 84' lang='lat' dir='ltr'><strong>moles,</strong></span> <span class='ocrx_word' id='word_1_416' title='bbox 1632 2649 1694 2672; x_wconf 83' lang='lat' dir='ltr'><strong>seu</strong></span> 
     </span>
     <span class='ocr_line' id='line_1_65' title="bbox 985 2693 1692 2736; baseline -0.007 -9"><span class='ocrx_word' id='word_1_417' title='bbox 985 2704 1128 2736; x_wconf 81' lang='lat' dir='ltr'><strong>aggeres</strong></span> <span class='ocrx_word' id='word_1_418' title='bbox 1142 2697 1357 2727; x_wconf 85' lang='lat' dir='ltr'><strong>constructos</strong></span> <span class='ocrx_word' id='word_1_419' title='bbox 1381 2693 1417 2725; x_wconf 90' lang='lat' dir='ltr'><strong>in</strong></span> <span class='ocrx_word' id='word_1_420' title='bbox 1443 2696 1590 2734; x_wconf 84' lang='lat' dir='ltr'><strong>utraque</strong></span> <span class='ocrx_word' id='word_1_421' title='bbox 1614 2700 1692 2733; x_wconf 86' lang='lat' dir='ltr'><strong>por-</strong></span> 
     </span>
     <span class='ocr_line' id='line_1_66' title="bbox 986 2740 1692 2788; baseline -0.007 -10"><span class='ocrx_word' id='word_1_422' title='bbox 986 2749 1038 2778; x_wconf 88' lang='lat' dir='ltr'><strong>tus</strong></span> <span class='ocrx_word' id='word_1_423' title='bbox 1053 2745 1130 2788; x_wconf 79' lang='lat' dir='ltr'><strong>ripa</strong></span> <span class='ocrx_word' id='word_1_424' title='bbox 1146 2744 1189 2778; x_wconf 83' lang='lat' dir='ltr'><strong>ad</strong></span> <span class='ocrx_word' id='word_1_425' title='bbox 1205 2742 1372 2779; x_wconf 79' lang='lat' dir='ltr'><strong>arcendos</strong></span> <span class='ocrx_word' id='word_1_426' title='bbox 1387 2740 1524 2784; x_wconf 76' lang='lat' dir='ltr'><strong>fluctus,</strong></span> <span class='ocrx_word' id='word_1_427' title='bbox 1542 2750 1602 2774; x_wconf 83' lang='lat' dir='ltr'><strong>seu</strong></span> <span class='ocrx_word' id='word_1_428' title='bbox 1619 2751 1692 2774; x_wconf 81' lang='lat' dir='ltr'><strong>mu·</strong></span> 
     </span>
    </p>
   </div>
   <div class='ocr_carea' id='block_1_9' title="bbox 1815 935 1820 958">
    <p class='ocr_par' dir='ltr' id='par_1_21' title="bbox 1815 935 1820 958">
     <span class='ocr_line' id='line_1_67' title="bbox 1815 935 1820 958; baseline 0 0"><span class='ocrx_word' id='word_1_429' title='bbox 1815 935 1820 958; x_wconf 75' lang='lat' dir='ltr'><strong>i</strong></span> 
     </span>
    </p>
   </div>
  </div>
 </body>
</html>
