1820 3068
220 195 306 239 870

731 207 775 238 P.
808 206 1000 238 PAPINII
1033 207 1201 241 STATH
1264 202 1265 206 ¹

221 304 460 359 Spumeus,
482 307 526 345 et
546 314 704 357 genero
725 302 884 344 tumuit
897 301 1015 346 Jove
1031 301 1065 358 :)
1078 317 1195 359 quos
1212 304 1330 347 celer
1348 306 1489 348 ambit

219 370 445 423 Asterion,
468 372 794 426 Dryopumque
814 371 992 414 trahens
1014 372 1229 414 Erasinus
1250 373 1435 416 aristas:

220 437 279 480 Et
300 439 375 493 qui
395 452 500 481 rura
521 439 699 480 domant
719 437 987 492 Epidauria:
1019 439 1170 482 dexter
1185 440 1354 483 Iaccho

221 505 381 558 Collis,
402 510 448 548 at
466 507 648 549 Ennaeae
672 505 820 548 Cereri
838 512 995 561 negat:
1028 509 1131 550 avia
1150 507 1297 564 Dyme
1363 535 1366 537 v

223 638 373 688 Taurum,
395 643 452 671 aut
476 640 619 672 humidas
634 639 799 675 Pleiadas,
831 642 862 670 et
889 639 1019 680 inflatus
1046 644 1091 671 est
1115 650 1232 680 genero
1256 642 1360 673 Jove.-
1383 645 1415 674 et
1438 641 1477 680 ii,
1499 650 1573 683 quos
1597 641 1689 674 vetos:

220 681 370 730 Asterum
392 683 506 722 cingit,
527 687 656 724 etquos
681 682 838 714 Erasinus
861 682 1044 724 exstirpans
1066 683 1231 725 Dryopum
1252 687 1345 716 satu.-
1367 688 1399 716 et
1422 685 1475 725 qui
1496 688 1590 716 arant
1611 694 1689 716 arva

222 724 393 764 Epzdaurii
402 737 412 757 .·
434 725 526 765 hm‘us
538 726 626 758 collis
633 725 759 765 fertilis
780 725 894 757 vitium
908 729 966 762 est,
988 729 1023 757 ut
1037 735 1099 758 non
1113 725 1256 758 admittit
1271 726 1412 759 Siculam
1425 729 1580 760 Cererem·
1623 727 1687 759 Re·

833 821 892 834 ”0
896 821 1077 835 neec-ecee

220 885 309 917 viani
322 896 332 926 3
353 886 486 929 Dyncee,
503 887 557 919 vel

573 875 708 930 Lyncaee
723 887 803 920 edd.
819 892 904 921 vett.
918 890 1072 921 correxit
1088 889 1403 922 Gronovius.—l24
1425 889 1561 921 AEtnoeoe
1579 889 1690 921 Cereri

222 928 314 962 Dan.
327 930 411 961 Put.
427 930 552 962 Petav.
571 936 715 972 uterque
731 931 856 964 Behot.
871 932 979 974 Lang.
995 933 1098 964 Laur.
1111 932 1244 964 Buslid.
1261 932 1586 972 Lipsisn.Petrcns.
1601 930 1688 964 Exc.

222 971 370 1005 Cantab.
387 982 505 1005 omnes
521 973 700 1006 Barthiani
716 978 753 1006 et
769 973 849 1008 edd.
865 979 952 1007 vett.
969 975 1103 1007 Ennaeae
1126 975 1280 1008 Gronov.
1302 975 1338 1006 in
1359 975 1476 1008 Diatr.
1490 979 1527 1007 et
1541 975 1629 1007 Tou.
1643 974 1687 1007 ad

882 1071 1026 1104 No'rAE

219 1138 282 1168 tat.
325 1134 475 1176 Pliadas]
491 1134 654 1167 Pleiades
666 1145 727 1168 sex
743 1136 798 1168 vel
811 1136 926 1178 potius

218 1189 352 1227 septem
379 1186 504 1225 stellae,
533 1195 608 1227 quae
637 1186 670 1217 in
708 1185 808 1218 dorso
836 1187 927 1219 tauri

219 1235 504 1278 conspiciuntur:
543 1236 705 1268 dicuntur
734 1237 745 1254 ‘
764 1236 927 1278 aquosae,’

219 1286 299 1328 quia
320 1296 437 1318 eorum
468 1291 564 1318 ortus
595 1286 812 1328 gravissimas
841 1286 927 1320 facit

217 1342 460 1380 tempestates,
487 1341 525 1370 et
552 1337 680 1369 multas
706 1336 822 1370 fundit
851 1338 927 1380 plu-

219 1398 303 1422 vias.

262 1442 324 1472 121
348 1438 516 1481 Spumeus]
545 1438 788 1481 Superioribus
815 1439 928 1471 verbis

218 1489 395 1522 subtiliter
419 1499 513 1521 more
540 1499 601 1521 suo
625 1489 736 1521 Poeta
751 1489 927 1522 defectum

218 1540 339 1573 Inachi
354 1539 515 1572 fluminus
531 1544 644 1581 notat,
659 1541 716 1582 qui
732 1540 847 1572 media
863 1551 926 1573 aes·

218 1597 293 1625 tate
311 1601 379 1623 uua
403 1601 481 1623 cum
497 1591 666 1632 Cephisso
692 1594 727 1623 et
744 1591 927 1634 Asterione

219 1642 375 1675 amnibus
407 1642 495 1674 solet
522 1651 691 1682 arescere,
726 1651 792 1673 nec
827 1642 926 1674 undis

215 1705 365 1737 unquam
392 1693 559 1734 abundat,
596 1694 662 1725 nisi
690 1693 734 1726 ab
758 1693 927 1726 imbribus

219 1746 416 1788 adjuvetur.
460 1746 507 1776 Et
541 1754 657 1784 genero
690 1745 806 1776 tumuit
830 1743 927 1785 Jove]

217 1797 408 1838 Eleganter
424 1795 540 1827 tumuit
550 1805 564 1832 ;
584 1795 594 1812 ‘
608 1794 758 1826 tumere’
773 1795 863 1826 enim
878 1795 927 1826 di-

194 1840 196 1843 *
218 1847 312 1879 citur
339 1851 376 1878 et
401 1846 444 1878 de
461 1845 547 1877 mari
568 1854 629 1876 seu
653 1843 766 1876 fluviis
789 1843 928 1885 inflatis,

219 1902 258 1930 et
287 1898 331 1929 de
361 1896 627 1940 superbientezg
645 1895 741 1936 quasi
777 1894 926 1927 Inachus

215 1959 324 1992 aquas
350 1947 471 1980 inflare
495 1947 656 1988 coeperit,
682 1955 726 1977 ex
749 1956 815 1987 quo
831 1947 928 1979 Jovis

217 2011 324 2042 gener
350 2000 430 2032 fuit.
473 1999 520 2030 Et
545 1998 610 2030 hoc
638 1997 737 2037 dicit,
765 1997 856 2039 quod
887 1998 927 2030 Io

215 2052 336 2084 Inachi
353 2051 422 2083 filia
438 2050 596 2082 adamata
607 2047 711 2080 fuerit
725 2058 744 2079 a
759 2048 861 2081 Jove.

260 2104 323 2134 122
347 2099 513 2140 Asterion]
539 2098 699 2131 Asterion
725 2097 849 2129 fluvius
864 2098 928 2130 Ar-

216 2153 338 2194 golidis
354 2151 487 2192 placide
514 2149 637 2190 fluens,
661 2153 700 2180 ut
722 2149 824 2180 babet
841 2149 929 2181 Nos-

217 2209 272 2236 ter
286 2203 401 2236 infra:
427 2204 436 2221 ‘
450 2203 495 2234 Et
510 2199 672 2232 fluctibus
690 2210 807 2241 aequus
829 2200 929 2231 Aste-

218 2254 318 2287 rion.’
365 2254 433 2286 Hic
464 2252 589 2285 fluvius
631 2251 739 2282 distat
771 2251 928 2292 Mycenis

217 2305 415 2348 quindecim
441 2303 563 2336 stadiis
578 2307 720 2334 auctore
743 2301 928 2342 Pausania,

218 2359 254 2387 et
281 2355 315 2386 in
342 2364 485 2395 specum
501 2353 675 2384 demersus
693 2351 928 2384 absconditur.

220 2406 388 2447 Dryopum
403 2403 530 2436 trahens
558 2401 715 2433 Erasinus
734 2402 867 2443 aristas]
883 2403 928 2434 E-

219 2457 353 2488 rasinus
367 2455 490 2486 fluvius
509 2452 698 2494 Argolidis,
712 2453 830 2494 utjam
843 2453 928 2486 dixi-

218 2516 306 2539 mus.
349 2506 439 2537 Vide
453 2504 560 2537 Theb.
574 2512 601 2536 1.

263 2560 326 2589 357
342 2555 522 2598 Dryopum]
539 2554 580 2586 Id
596 2558 661 2595 est,
675 2555 862 2587 incolarum
878 2554 926 2587 A-

220 2607 311 2639 sines
325 2607 419 2639 urbis
434 2606 625 2647 Argolidis;
642 2607 804 2647 Dryopes
821 2606 926 2648 enim,

220 2658 393 2700 quondam
431 2657 554 2688 incolae
593 2655 753 2687 Parnassi
791 2657 928 2698 montis,

219 2709 305 2741 victi
330 2707 533 2749 expulsique
557 2706 670 2748 patria
693 2706 735 2738 ab
762 2706 927 2747 Hercule,

219 2758 415 2791 conscensis
429 2756 573 2789 navibus
595 2756 631 2788 in
652 2756 927 2798 Peloponnesum

982 1136 1184 1177 transvecti,
1207 1136 1252 1168 ad
1276 1135 1499 1168 Euristheum
1521 1133 1688 1176 confuge·

982 1193 1077 1228 runt,
1091 1188 1148 1230 qui
1164 1187 1214 1219 eis
1232 1186 1375 1219 Asinem
1388 1186 1507 1219 urbem
1523 1186 1558 1218 in
1578 1185 1689 1227 Argo-

981 1238 1064 1280 lide,
1081 1247 1190 1280 prope
1207 1237 1445 1276 Hermionem,
1468 1236 1687 1269 incolendam

981 1289 1097 1322 dedit:
1120 1289 1212 1321 unde
1228 1288 1272 1320 ab
1287 1287 1425 1330 Argivis
1437 1286 1548 1329 fugati
1558 1287 1688 1319 Messe-

981 1340 1047 1372 niae
1063 1344 1197 1381 partem
1221 1349 1241 1370 a
1264 1335 1544 1371 Lacedaemoniis
1564 1346 1688 1379 accep-

981 1394 1051 1422 tam
1081 1389 1338 1429 habitaverunt,
1370 1388 1539 1430 aliamque
1568 1387 1688 1420 urbem

981 1440 1109 1472 Asinen
1122 1440 1227 1472 etiam
1243 1439 1371 1471 dietam
1383 1438 1624 1478 condiderunt,
1638 1436 1687 1469 A-

982 1491 1146 1532 sinaeique
1162 1490 1290 1526 vocati,
1306 1493 1443 1521 retento
1457 1488 1562 1520 etiam
1575 1487 1688 1520 veteri

987 1542 1147 1584 Dryopum
1164 1539 1342 1580 vocabulo,
1358 1544 1397 1571 ut
1420 1538 1541 1571 scribit
1556 1538 1688 1570 Pausa-

981 1592 1055 1623 nias
1092 1591 1127 1622 in
1164 1588 1406 1623 Messeniacis·
1463 1589 1553 1621 Sunt
1581 1588 1687 1620 etiam

983 1643 1147 1684 Dryopes
1176 1639 1295 1682 populi
1328 1639 1426 1681 Epiri
1457 1638 1629 1679 Straboni,
1651 1642 1689 1671 et

981 1693 1110 1725 Plinio.
1158 1692 1299 1724 Tmhens
1317 1691 1448 1732 aristas]
1471 1690 1630 1722 Erasinus
1651 1698 1688 1721 e-

981 1744 1051 1775 nim
1066 1743 1266 1785 frequenter
1279 1740 1447 1781 exundat,
1466 1745 1506 1772 ut
1520 1739 1624 1772 habet
1639 1739 1689 1771 in·

982 1794 1037 1827 fra
1066 1795 1217 1827 Noster:
1253 1793 1324 1824 ‘Et
1352 1801 1525 1833 nunquam
1547 1790 1582 1823 in
1602 1790 1687 1832 ripis

984 1847 1094 1879 audax
1112 1843 1299 1877 Erasinus.'

1025 1899 1088 1929 123
1115 1897 1159 1928 Et
1181 1895 1234 1936 qm·
1248 1904 1326 1926 rura
1343 1895 1470 1926 domam
1492 1893 1687 1934 Epidauria]

985 1948 1179 1989 Epidaurus
1204 1947 1278 1978 boec
1306 1949 1360 1977 est
1382 1944 1418 1975 in
1447 1943 1614 1985 Argolide
1643 1943 1687 1975 ad

981 2000 1100 2031 Sinum
1114 1996 1348 2032 Sanouicum,
1363 1994 1507 2027 delubro
1531 1994 1688 2027 AEscula-

982 2049 1030 2091 pii
1042 2047 1203 2088 celebris,
1226 2051 1263 2078 ut
1280 2046 1370 2078 libro
1382 2045 1604 2087 praecedente
1612 2045 1687 2077 dix-

982 2102 1070 2132 imus
1099 2109 1151 2131 vs.
1178 2101 1254 2131 398.
1278 2097 1427 2130 <Dexter
1446 2096 1559 2128 Iaccho
1574 2095 1688 2137 Collis]

983 2151 1077 2183 Hinc
1105 2150 1209 2182 etiam
1227 2149 1379 2180 Homero
1400 2147 1474 2179 baec
1490 2146 1686 2188 Epidaurus

984 2201 1112 2232 dicitur
1127 2198 1303 2239 ἆμπελόεις,
1314 2198 1349 2230 id
1363 2202 1429 2237 est,
1439 2196 1582 2235 vitifera.
1613 2194 1687 2228 Ho-

983 2251 1068 2282 meri
1084 2254 1198 2281 autem
1211 2249 1404 2289 catalogum
1420 2248 1557 2279 navium
1569 2255 1686 2288 operae

984 2301 1134 2342 pretium
1145 2304 1200 2331 est
1214 2307 1293 2330 cum
1304 2298 1346 2330 iis
1361 2296 1532 2331 conferre.
1558 2296 1686 2338 Iaccho]

985 2350 1138 2389 Baccho,
1154 2358 1215 2383 seu
1231 2348 1323 2381 vino.

1026 2403 1089 2433 124
1111 2399 1159 2432 At
1175 2400 1308 2430 Ennoeae
1332 2396 1442 2431 Cereri
1464 2396 1576 2438 negat]
1598 2396 1687 2429 Vult

982 2452 1099 2484 dicere
1135 2450 1347 2493 Epidaurum
1388 2457 1463 2481 esse
1500 2445 1687 2486 vitiferam,

981 2515 1080 2547 agros
1097 2513 1179 2536 vero
1204 2504 1280 2545 ejus
1296 2502 1446 2542 Cereris,
1469 2500 1505 2532 id
1527 2503 1592 2540 est,
1613 2498 1686 2531 fru-

980 2559 1174 2588 mentorum
1190 2563 1257 2586 non
1270 2562 1346 2585 esse
1359 2551 1514 2584 fertiles:
1536 2550 1546 2568 ‘
1559 2550 1665 2582 Ceres
1676 2547 1686 2563 ’

980 2606 1071 2639 enim
1101 2605 1157 2637 hic
1185 2614 1248 2646 pro
1277 2602 1463 2641 frumento,
1483 2600 1565 2642 quia
1579 2599 1685 2632 Ceres

980 2656 1153 2689 inventrix
1179 2654 1330 2696 frugum,
1358 2656 1398 2684 ut
1429 2651 1502 2693 jam
1525 2650 1685 2682 diximus.

981 2708 1084 2740 Hunc
1101 2710 1216 2738 autem
1243 2701 1407 2746 loquendi
1426 2701 1564 2734 modum
1580 2700 1686 2742 Papi-

980 2759 1028 2790 nii
1044 2757 1196 2792 imitatus
1221 2759 1274 2788 est
1289 2753 1455 2786 Paulinus
1473 2752 1626 2785 scribens
1640 2750 1684 2783 ad
