1820 3068
229 243 315 288 758
734 258 771 288 r.
808 257 999 290 PAP1N11
1035 260 1203 292 s'rArn

230 353 380 406 Quam
398 358 535 405 ratus,
554 354 793 396 innumeris
814 355 937 398 videt
957 369 1196 398 excursare
1215 357 1409 410 latebris,

229 421 334 465 Hos
354 422 529 477 prodire
543 423 681 477 jugis,
703 423 802 465 illos
822 437 847 464 e
869 424 1062 467 vallibus
1081 425 1183 467 imis

230 490 456 541 Crescere,
472 504 553 532 nec
572 503 740 545 paucos
761 504 932 546 campo,
954 497 1186 548 totumque
1203 495 1287 535 sub
1308 494 1443 536 armis

229 558 465 600 Collucere
482 560 579 610 iter,
598 559 671 614 (ut
690 560 868 602 clausas
889 561 1098 615 indagine
1118 562 1283 616 profert

229 625 281 667 In
303 627 497 667 medium
514 639 607 667 vox
627 627 770 680 prima
789 625 944 682 feras‚)
963 641 1065 682 quae
1089 630 1188 670 sola
1208 629 1409 671 medendi

227 693 428 735 Turbata
446 695 619 736 ratione
641 695 716 737 via
734 699 815 746 est,
837 698 948 750 petit
969 697 1106 738 ardua
1123 696 1231 738 dirae

227 760 472 815 Sphingos,
492 766 536 804 et
557 762 750 803 abscisis
770 762 1011 817 infringens
1033 764 1238 806 cautibus
1259 778 1399 807 uncas

228 829 484 884 Exsuperat
497 829 609 884 juga
628 830 724 872 dira
743 843 920 881 manuS,
940 832 1217 887 scopuloque
1238 833 1426 886 potitus,

228 896 358 939 Unde
377 898 531 952 procul
551 902 673 952 tergo
694 903 856 948 metus,
876 903 921 940 et
939 900 1013 941 via
1037 912 1181 954 prona
1202 900 1407 950 nocendi,

1611 360 1697 402 550

1611 697 1698 738 555

226 997 340 1038 aspicit
355 1007 514 1038 erumpere
525 1008 566 1030 ex
579 998 751 1030 innumeris
765 999 907 1039 latebris,
929 999 983 1030 hos
996 1000 1179 1032 descendere
1203 1009 1244 1031 ex
1267 998 1486 1040 cacuminibus,
1507 999 1579 1031 illos
1599 1010 1697 1032 emer-

225 1049 302 1080 gere
316 1050 358 1072 ea·
366 1040 535 1082 profundis
547 1041 691 1080 vallibus,
713 1043 886 1082 multosque
909 1052 975 1074 esse
997 1042 1031 1073 in
1057 1052 1176 1083 compo,
1197 1045 1228 1074 et
1255 1045 1354 1074 totam
1373 1042 1456 1073 viam
1469 1042 1527 1074 sub
1539 1042 1636 1074 amis
1647 1053 1697 1074 co·

227 1093 366 1122 ruscum,
380 1083 430 1125 (ut
446 1083 568 1124 primus
583 1085 699 1115 clamor
718 1088 900 1116 venatorum
918 1084 1063 1125 producit
1087 1086 1122 1116 in
1146 1086 1281 1116 medium
1298 1084 1390 1123 serus
1411 1085 1519 1125 plagis
1531 1085 1701 1127 obseptus)

229 1135 297 1167 quoe
313 1126 404 1158 unica
419 1127 502 1157 ratio
516 1127 717 1168 expediendae
731 1126 844 1159 salutis
858 1127 886 1158 ei
901 1131 1097 1159 consternato
1113 1126 1179 1158 visa
1202 1130 1262 1166 est,
1283 1127 1353 1159 «die
1366 1129 1477 1159 celsam
1491 1128 1592 1159 sedem
1606 1128 1697 1160 inhu-

226 1178 327 1200 monoe
343 1168 508 1209 Sphingis,
532 1173 563 1201 et
581 1170 716 1201 allidens
729 1179 841 1201 curvas
855 1179 965 1201 manns
977 1171 1019 1202 ad
1033 1172 1143 1209 ruptos
1156 1170 1308 1211 scopulos,
1330 1170 1523 1202 transcendit
1544 1170 1698 1202 horrenda

226 1211 399 1248 cacumina,
422 1217 454 1244 et
467 1222 542 1253 rupe
557 1216 720 1253 occupata,
743 1213 823 1244 unde
839 1216 929 1253 tergo
943 1212 1025 1244 nihil
1037 1212 1179 1254 timebat,
1201 1216 1233 1245 et
1247 1213 1349 1245 hostes
1362 1213 1473 1244 laedere
1487 1213 1588 1252 facile
1609 1217 1698 1255 pote-

836 1295 1083 1311 memooeae

229 1353 260 1383 1.
276 1352 309 1382 2.
331 1350 463 1383 anlid.
479 1351 587 1391 Lang.
603 1351 704 1383 Laur.
720 1351 873 1392 Lipsian.
890 1352 995 1386 Aldd.
1011 1352 1122 1384 Colin.
1138 1351 1268 1393 Gryph.
1281 1353 1391 1386 Basil.
1413 1353 1530 1387 Plant.
1552 1353 1698 1386 Gevart.

227 1399 264 1426 et
276 1393 436 1426 Grasser.
455 1403 551 1435 neque
571 1394 620 1425 his
631 1404 645 1431 ,·
671 1394 753 1426 Put.
770 1396 895 1427 Petav.
910 1396 1000 1427 Dan.
1014 1396 1175 1427 Petrens.
1190 1395 1327 1428 Taurin.
1346 1395 1576 1438 Lindenbrog.
1594 1396 1698 1429 Crnc.

226 1436 373 1469 Amstel.
389 1436 544 1469 Gronov.
560 1437 682 1468 Barth.
697 1437 807 1470 Veen.
824 1443 860 1470 et
885 1439 1014 1480 Delph.
1029 1448 1125 1479 neque
1148 1439 1184 1468 in
1207 1438 1266 1469 his.
1305 1439 1506 1471 Bernartius
1521 1440 1697 1480 conjecta·

228 1479 309 1511 bat:
332 1489 428 1520 neque
442 1479 525 1511 enim
539 1480 588 1510 his
601 1489 700 1517 mora,
722 1481 890 1521 probante
908 1481 1168 1513 Barium—551
1195 1481 1267 1512 Hos
1280 1482 1366 1514 deire
1379 1482 1472 1522 jugis
1496 1482 1696 1514 Lactantius

226 1522 261 1554 in
275 1523 470 1555 Comment.
497 1532 574 1553 cum
602 1523 738 1562 glossa:
761 1525 771 1542 ‘
790 1523 1032 1565 Anastrophe:
1066 1524 1121 1555 hos
1142 1524 1180 1554 de
1199 1523 1293 1563 jugie
1314 1524 1384 1556 ire?
1427 1525 1497 1556 Sed
1528 1525 1697 1564 glossator

227 1564 322 1598 forte
338 1575 418 1596 usus
435 1564 548 1596 fuerat
559 1564 693 1604 codice,
710 1565 744 1597 in
759 1576 826 1608 quo
842 1568 1006 1608 scriptum
1022 1566 1156 1605 fuisset,
1171 1566 1274 1606 Mire,
1289 1571 1324 1598 et
1337 1567 1446 1599 hocin
1463 1568 1578 1600 litura.
1610 1568 1696 1599 Bar-

232 1630 297 1662 thii
313 1629 425 1662 codex
441 1639 448 1660 ε
471 1629 543 1661 illos
556 1628 707 1665 9vallibus
721 1629 807 1670 imis,
823 1631 843 1662 i.
860 1639 891 1662 e.
914 1630 984 1662 illos
998 1633 1187 1666 convallibus
1198 1632 1281 1664 imis.
1326 1632 1423 1664 Unus
1441 1632 1562 1664 Behot.
1583 1633 1698 1664 excol-

230 1674 432 1706 libum—552
457 1672 556 1704 Alter
573 1673 697 1704 Behot.
713 1682 769 1704 nec
780 1683 884 1714 campo
896 1679 1129 1714 paucos-554
1148 1677 1185 1708 In
1200 1674 1337 1706 medium
1352 1685 1414 1707 voa:
1426 1675 1536 1707 codex
1551 1675 1699 1716 Bartini,

227 1726 306 1748 cuni
322 1717 436 1757 glossa
449 1724 458 1745 t
482 1717 492 1734 ‘
504 1714 714 1746 Venatoris!
759 1716 845 1747 Vide
862 1717 903 1747 ad
922 1726 971 1749 vs.
986 1719 1173 1751 699.-556
1186 1718 1328 1749 Taurin.
1338 1717 1467 1750 absissis
1475 1727 1488 1756 ‚⁴
1503 1717 1560 1749 ed.
1575 1718 1699 1750 Barth.

227 1759 263 1790 in
279 1759 457 1797 margine:
480 1757 638 1790 abscissis.
683 1757 802 1789 Codex
818 1759 1008 1791 Burmanni
1023 1770 1032 1791 z
1056 1760 1263 1802 insrangens,·
1285 1770 1372 1792 unus
1387 1761 1512 1792 Bebot.
1538 1759 1674 1802 infigens
1686 1770 1699 1796 .-

227 1801 290 1834 sed
306 1802 524 1843 rescriptum,
538 1800 657 1832 deleta
671 1800 784 1843 priore
799 1801 981 1843 scriptura,
995 1803 1094 1844 cujus
1111 1810 1244 1837 tantum
1257 1803 1361 1836 litura
1386 1803 1696 1845 apparebat.—⁵5·1

893 1886 1037 1920 NOTAE

271 1956 337 1986 549
361 1952 515 1994 Nequeo·
529 1951 580 1983 his
590 1951 692 1992 mora]
713 1951 833 1984 Subito
847 1952 938 1984 enim
992 1963 1038 1986 no
1055 1953 1195 1995 praeiret
1214 1951 1342 1986 Arion?

228 2015 249 2038 e
264 2004 406 2037 latebris
423 2008 645 2044 erumpentes
662 2002 899 2044 egrediuntur.
1035 2006 1098 2036 553
1115 2003 1286 2044 Indugine]
1304 2003 1450 2045 Indago,
1465 2002 1698 2045 investigatio,

272 2057 334 2087 551
360 2055 432 2086 Hos
450 2054 580 2096 prodire
593 2053 698 2094 jugis]
732 2053 937 2086 Lactantius

230 2106 339 2147 legit:
373 2105 446 2137 Hos
469 2104 557 2136 deire
571 2104 676 2145 Jugis.
719 2105 807 2137 Quae
831 2105 936 2137 lectio

229 2156 380 2198 probata
395 2155 571 2187 Gronovio
588 2164 630 2186 ex
650 2155 781 2196 optimo
804 2155 936 2188 codice.

230 2207 344 2247 Deire,
360 2205 404 2238 de
421 2205 518 2247 jugis
538 2205 603 2237 ire.
647 2205 694 2237 Et
712 2205 851 2237 verbum
867 2206 935 2238 sin-

231 2258 350 2299 gulare
365 2257 470 2288 Statii
487 2260 539 2287 est
555 2259 592 2287 et
608 2256 837 2298 consuetudo,
849 2266 935 2298 prae-

228 2307 438 2349 positionem
453 2306 544 2338 illam
562 2315 630 2337 non
645 2306 716 2347 pati
738 2308 936 2339 coalescere

228 2367 306 2391 cum
337 2357 450 2390 vocali
479 2357 651 2399 sequenti.
707 2357 765 2390 Sic
794 2358 938 2390 ‘deest’

229 2409 453 2451 dissyllabum
484 2413 521 2440 et
559 2409 668 2449 priori
703 2409 806 2450 longa
842 2411 940 2452 ponit

228 2460 337 2493 Theb.
352 2468 389 2492 Χ.
411 2460 421 2478 ⁸
436 2459 512 2491 Nec
541 2458 641 2490 deest
670 2458 819 2500 coeptis!
860 2460 935 2493 Lib.

228 2519 283 2543 ιι.
320 2510 456 2542 ‘Deest
484 2509 626 2540 servitio
656 2509 797 2550 plebes!
848 2511 936 2544 Quae

228 2561 360 2594 frustra
382 2561 448 2592 viri
473 2560 566 2592 docti
588 2560 737 2592 habuere
760 2567 935 2602 suspecta.

229 2611 498 2644 Restituendum
514 2610 617 2642 immo
633 2614 670 2642 et
684 2610 744 2642 lib.
761 2620 844 2644 vm.
859 2614 936 2644 236.

230 2663 241 2681 ⁴
257 2662 369 2695 Nullis
407 2661 506 2693 deest
543 2670 604 2692 sua
633 2659 751 2692 fabula
787 2661 936 2694 mensis.’

230 2713 288 2745 Sic
325 2711 419 2744 enim
455 2711 615 2744 meliores
660 2711 822 2753 plurimi:
866 2713 937 2753 alii,

229 2765 239 2783 ‘
247 2762 347 2805 jam,'
362 2762 432 2802 alii,
450 2767 459 2780 ‘
473 2771 539 2804 que
552 2761 562 2776 '
586 2770 769 2803 perperam
785 2762 937 2803 interpo-

230 2818 330 2847 nunt.
372 2813 430 2846 Sic
445 2818 481 2845 et
495 2812 555 2845 lib.
572 2821 622 2845 vr.
644 2813 654 2831 ‘
667 2812 806 2845 Vacuus
829 2811 938 2848 domi·

990 2053 1196 2095 perquisitio
1219 2054 1359 2094 proprie
1376 2057 1588 2086 venatorum.
1632 2055 1697 2086 Est

991 2109 1028 2136 et
1040 2103 1143 2136 series
1160 2104 1336 2145 plagarum
1352 2105 1460 2136 saltus
1473 2105 1696 2147 cingentium.

991 2154 1156 2196 Virgilius
1180 2155 1313 2186 AEneid.
1338 2164 1393 2188 xv.
1416 2155 1623 2198 ‘Saltusque
1647 2156 1698 2188 in-

991 2205 1116 2246 dagine
1131 2205 1296 2246 cingunt?

1033 2258 1098 2287 554
1133 2256 1200 2287 Vox
1218 2255 1342 2297 prima]
1378 2256 1456 2288 Vox
1479 2266 1541 2288 seu
1567 2257 1697 2290 clamor

991 2310 1204 2338 venatorum.
1247 2306 1348 2338 Dicit
1369 2315 1450 2338 vero
1476 2306 1696 2341 insidiatores

991 2357 1035 2389 ad
1059 2366 1178 2389 vocem
1191 2357 1300 2399 Tydei
1314 2356 1496 2390 emersisse
1510 2367 1530 2390 e
1545 2358 1700 2401 latebris,

992 2413 1033 2441 ut
1052 2407 1135 2440 ferae
1159 2407 1203 2439 ad
1227 2408 1411 2440 clamorem
1436 2409 1634 2441 venantium
1659 2410 1696 2442 in

991 2458 1142 2490 medium
1158 2458 1343 2499 prodeunt.

1033 2511 1098 2540 558
1125 2509 1216 2542 Unde
1234 2510 1343 2550 procul
1354 2512 1444 2549 tergo
1457 2509 1576 2549 metes]
1600 2508 1696 2542 Prae-

991 2564 1110 2600 rupto,
1125 2563 1162 2591 et
1185 2559 1229 2591 ad
1245 2568 1345 2601 quem
1360 2567 1431 2590 non
1446 2563 1522 2590 erut
1536 2568 1696 2591 accessus

991 2619 1011 2642 a
1033 2609 1226 2651 posteriore
1252 2613 1365 2651 parte,
1382 2609 1534 2650 scopulo.
1577 2610 1623 2641 Ee
1644 2610 1697 2642 oio

987 2669 1087 2700 prona
1101 2658 1248 2700 nocendi]
1281 2659 1334 2690 Ex
1357 2655 1502 2691 celsiori
1522 2659 1614 2691 enim
1643 2660 1696 2691 vel

992 2710 1175 2752 lapidibus,
1189 2710 1243 2742 vel
1257 2709 1362 2741 etiam
1379 2709 1455 2745 telis
1469 2707 1604 2742 facium
1619 2710 1696 2747 hos-

993 2765 1046 2795 tes
1061 2762 1187 2795 laedere
1202 2763 1351 2804 poterat.
1619 2767 1622 2770 ·
