1820 3068
281 224 369 267 944
781 237 822 269 P.
856 237 1048 269 ΡΑΡιΝιι
1082 238 1248 271 srA‘ru

279 332 468 375 Curetas
490 332 719 388 trepidos:
750 332 819 376 illi
838 332 1052 378 certantia
1071 334 1290 390 plaudunt

279 400 431 455 Orgia,
452 400 530 442 sed
551 402 722 456 magnis
741 407 926 454 resonat
944 404 1168 458 vagitibus
1191 405 1286 447 Ide.

278 469 342 511 At
361 482 472 523 puer
491 469 538 510 iu
560 470 724 523 gremio
743 483 892 513 vernae
914 471 1098 523 telluris,
1119 476 1164 514 et
1182 473 1276 515 alto

278 535 503 588 Gramine,
524 550 641 579 nunc
661 536 825 580 faciles
845 539 998 580 sternit
1017 541 1307 593 procursibus
1325 541 1487 585 herbas

279 605 331 646 In
350 604 520 647 vultum
540 606 686 647 nitens
702 619 715 659 3
745 619 898 649 caram
916 608 1052 650 modo
1070 609 1203 651 lactis
1221 623 1359 664 egeno

278 672 511 715 Nutricem
532 674 738 728 clangore
755 675 897 726 ciens,
916 675 1166 731 iterumque
1185 677 1407 730 renidens,

276 741 338 784 Et
354 742 514 784 teneris
534 742 754 784 meditans
773 744 910 785 verba
927 743 1174 788 illuctantia
1192 745 1348 797 labris,

276 809 468 852 Miratur
487 822 717 852 nemorum
738 812 967 866 strepituS,
988 816 1065 855 aut
1082 814 1220 856 obvia
1239 816 1398 869 carpit,

274 877 371 919 Aut
390 878 546 933 patulo
567 878 702 921 trahit
719 893 794 922 ore
814 880 961 924 diem:
993 882 1271 937 nemorisque
1291 882 1510 926 malorum

1662 408 1749 452 ’785

1655 748 1742 791 790

273 1010 342 1038 tare
354 1007 439 1040 circa
453 1008 607 1048 infantem
628 1011 760 1043 Jovem:
782 1011 832 1043 illi
861 1012 1007 1045 certatim
1029 1012 1209 1053 permitiunt
1234 1016 1394 1055 tympana,
1412 1014 1468 1045 sed
1490 1013 1549 1046 lde
1570 1015 1742 1056 perstrepit

271 1051 398 1090 magnis
423 1054 514 1092 pueri
539 1053 708 1093 vagitibus.
753 1054 864 1094 Infans
883 1060 988 1088 autem
1003 1056 1036 1087 in
1049 1057 1121 1088 sinu
1134 1056 1267 1088 virentis
1289 1059 1396 1096 terrae,
1421 1060 1454 1088 et
1474 1056 1510 1088 in
1533 1058 1614 1089 echa
1634 1058 1742 1098 herba,

271 1102 354 1142 nunc
368 1098 494 1136 reptans
506 1105 622 1136 pronus
633 1097 782 1138 deprimit
793 1108 946 1138 procursu
966 1102 1109 1131 tenerum
1120 1108 1253 1139 granoen
1267 1108 1372 1136 :nunc
1390 1109 1503 1131 vocans
1523 1100 1669 1132 dilectam
1683 1110 1740 1132 nu-

270 1138 380 1185 tricem
393 1139 527 1170 clamore
537 1139 630 1174 lactis
642 1140 765 1180 indigo,
776 1144 809 1172 et
822 1150 932 1174 rursus
943 1142 1150 1183 letabundus,
1164 1145 1194 1174 et
1208 1142 1312 1174 nitens
1319 1141 1462 1182 for-we
1475 1143 1567 1174 verba
1580 1145 1743 1175 decertan-

270 1180 319 1211 tta
333 1189 401 1212 cum
416 1182 549 1214 rudibus
567 1183 676 1224 labris,
693 1186 799 1225 stupet
820 1194 962 1217 murmur
985 1185 1157 1227 sylvarum,
1183 1189 1240 1217 aut
1259 1185 1340 1226 leg-it
1353 1185 1455 1226 obvia,
1468 1189 1525 1218 aut
1536 1186 1624 1219 ducit
1637 1185 1741 1219 aifrem

886 1290 907 1303 0
1107 1291 1126 1303 0

269 1377 377 1406 -785
402 1375 462 1407 Ida
477 1375 511 1407 in
536 1375 738 1417 quibusdam
763 1377 1028 1419 scriptIs.-⁷89
1050 1377 1177 1411 Behot.
1191 1380 1224 1410 1.
1248 1387 1312 1420 pro
1327 1380 1472 1420 clangore
1485 1379 1592 1412 habet
1605 1380 1738 1413 elamore

270 1427 290 1448 a
306 1418 440 1450 recenti
457 1429 572 1459 manu,
599 1419 717 1451 deleta
735 1422 842 1452 veteri
860 1420 1155 1461 seriphum—791
1179 1421 1389 1463 ‘Scripserit
1406 1422 1574 1464 Papinius
1595 1427 1737 1454 noster:

268 1460 417 1492 Miratur
431 1462 589 1494 volucrum
604 1463 758 1504 strepitus
768 1473 781 1501 ‚·
806 1464 881 1495 vel:
908 1464 1088 1496 Miraturve
1102 1464 1207 1496 avium
1218 1465 1394 1506 strepitum
1415 1467 1470 1498 vel
1487 1466 1516 1498 si
1537 1465 1737 1498 concinnius

268 1503 349 1545 quid
375 1504 524 1546 cuipiam
549 1505 752 1539 obvenerit)
773 1506 1004 1539 Bartk.—792
1029 1507 1127 1539 Unus
1142 1507 1268 1540 Behot.
1291 1508 1370 1540 terit
1393 1517 1448 1541 ore
1469 1509 1672 1542 ἅρπῃ-794
1694 1506 1736 1540 ln

931 1612 1077 1645 NOTAE

264 1688 318 1730 git
339 1687 505 1727 fabulam,
519 1690 744 1731 quaCnretes
759 1689 856 1731 jussu
865 1688 976 1731 Cybe-

265 1740 315 1771 les
336 1743 501 1781 tympana
519 1740 704 1781 pulsabant
722 1739 814 1772 circa
831 1749 975 1781 puerum

263 1789 404 1831 Jovem,
432 1799 476 1822 ne
492 1790 626 1830 vagitus
649 1790 722 1831 ejus
749 1790 928 1822 audiretur
954 1800 975 1822 a

263 1841 427 1879 Saturno,
443 1841 501 1882 qui
517 1841 612 1872 illum
627 1846 808 1872 voraturus
821 1845 907 1872 erat.

307 1894 372 1924 784
410 1892 546 1923 Curetas
581 1891 735 1933 trepidos]
762 1891 970 1924 Sacerdotes

264 1942 413 1984 Cybeles
426 1942 638 1975 vocabantur
650 1943 660 1959 ‘
673 1941 830 1974 Curetes'
839 1947 876 1973 et
887 1942 897 1959 ‘
908 1942 971 1974 Co-

263 1991 440 2035 rybantes’
463 1998 500 2025 et
519 1992 656 2025 ‘Gauix
703 1991 870 2033 Trepidos]
892 1992 970 2023 Me-

263 2049 313 2080 tu,
342 2053 386 2075 ne
406 2043 575 2076 Saturnus
598 2042 734 2075 audiret
755 2043 853 2076 Jovis
875 2042 969 2084 vagi-

261 2098 346 2135 tum,
361 2103 506 2136 eumque
523 2098 673 2130 voraret,
689 2094 743 2125 vel
759 2093 832 2135 jam
847 2103 968 2135 agnos-

260 2149 380 2177 centes
407 2145 623 2186 majestatem
649 2144 758 2178 Jovis.
803 2145 969 2177 certantia

258 2197 414 2238 plaudunt
431 2195 551 2237 Orgia]
573 2195 616 2228 Id
632 2201 699 2236 est,
712 2195 872 2227 certatim
887 2204 965 2236 per-

260 2248 400 2278 cutiunt
426 2251 601 2287 tympana,
629 2250 665 2278 et
686 2245 766 2288 quia
788 2245 868 2277 hinc
892 2255 965 2288 mos

259 2296 420 2337 pulsandi
450 2301 612 2337 tympana
634 2295 668 2327 in
698 2296 805 2336 orgiis
827 2304 888 2327 seu
913 2305 965 2327 sa·

260 2348 328 2379 cris
345 2347 492 2388 Cybeles
519 2345 636 2378 forsan
653 2346 820 2388 originem
833 2346 966 2387 sumsit,

259 2397 338 2430 ideo
373 2402 538 2440 tympana
566 2402 671 2429 vocat
703 2396 854 2438 ‘orgial
898 2397 965 2430 Vel

261 2449 387 2490 plausu
405 2453 648 2490 tympanorum
663 2449 760 2490 orgia
776 2447 966 2480 celebrant.

303 2501 368 2531 785
394 2498 528 2538 Magnis
542 2497 718 2539 vag-itibus]
747 2497 846 2530 Jovis
875 2498 967 2530 scili-

258 2554 328 2581 cet.
374 2549 476 2583 Quod
489 2549 562 2589 jam
579 2558 737 2590 maguum
754 2559 795 2580 ac
811 2548 964 2581 divinum

257 2599 339 2642 quid
369 2599 403 2630 in
436 2599 525 2632 Jove
561 2598 734 2640 significat
759 2611 767 2630 :
808 2601 963 2641 quamvis

258 2650 346 2680 enim
370 2648 529 2681 certatim
553 2648 698 2681 Curetes
721 2654 884 2691 tympana
901 2659 963 2682 sua

258 2703 493 2740 percuterent,
518 2708 558 2730 ac
581 2699 764 2740 strepitum
787 2700 962 2741 ingentem

256 2749 413 2789 ederent,
427 2754 542 2780 tamen
565 2749 740 2790 vagitibus
756 2751 851 2792 pueri
868 2759 961 2782 reso-

257 2799 361 2832 nabat
390 2799 465 2832 Ide.
510 2799 581 2840 Ide]
613 2799 678 2832 Ide
705 2810 800 2834 'nous
832 2801 962 2841 Cretae,

1030 1687 1065 1720 in
1096 1697 1163 1731 quo
1199 1689 1341 1731 Jupiter
1375 1689 1465 1722 altus
1501 1693 1538 1722 et
1567 1689 1733 1723 educatus

1029 1737 1108 1771 fuit.

1072 1792 1137 1821 786
1162 1789 1262 1831 Puer]
1274 1789 1517 1823 Archemorus.
1555 1791 1733 1823 Ver-miel-

1027 1840 1121 1882 luris]
1158 1840 1451 1872 Commentarium
1473 1841 1543 1873 Ms.
1561 1841 1635 1873 vult
1650 1850 1732 1872 vere

1025 1890 1099 1923 haec
1123 1896 1224 1932 gesta
1249 1900 1339 1932 esse,
1367 1891 1514 1923 maxime
1537 1900 1614 1923 cum
1639 1896 1733 1923 terra

1025 1940 1269 1974 effloresceret.
1297 1942 1427 1974 Mirum
1441 1946 1570 1983 autem,
1584 1941 1633 1974 ait
1644 1942 1730 1974 Bar-

1026 1992 1128 2032 thius,
1142 1992 1291 2024 calorem
1304 1993 1399 2024 illum
1413 1997 1449 2025 et
1462 1994 1651 2024 extremam
1667 1992 1733 2026 sic-

1025 2042 1167 2074 citatem
1195 2052 1260 2075 nec
1289 2052 1435 2084 puerum
1469 2042 1732 2084 Archemorum,

1023 2101 1088 2124 nec
1104 2093 1274 2126 nutricem
1291 2093 1366 2135 ejus
1381 2093 1537 2125 sensisse.
1576 2093 1731 2135 Respon-

1023 2142 1097 2174 deri
1125 2148 1256 2184 posset,
1270 2143 1337 2176 hoc
1353 2147 1463 2176 totum
1474 2143 1524 2176 sic
1539 2143 1730 2186 Bacchum,

1023 2193 1096 2225 sive
1111 2194 1248 2235 Jovem,
1266 2193 1490 2236 disposuisse.

1060 2246 1127 2276 ⁷90
1151 2245 1279 2276 Teneris
1297 2244 1391 2276 verba
1413 2245 1593 2277 illuctantia
1615 2245 1729 2286 labris]

1020 2294 1112 2328 Quia
1124 2293 1248 2326 infanti
1269 2295 1366 2337 qnasi
1381 2295 1552 2337 quoddam
1567 2298 1622 2328 est
1636 2295 1728 2328 inter

1018 2345 1127 2376 verba
1143 2350 1180 2377 et
1195 2345 1291 2377 labra
1310 2349 1506 2378 certamen:
1538 2355 1617 2378 uam
1643 2345 1726 2378 dum

1019 2399 1165 2427 conatur
1181 2394 1288 2427 verba
1303 2393 1470 2436 proferre,
1483 2395 1670 2437 impeditur
1683 2395 1726 2427 ab

1020 2445 1262 2478 infirmioribus
1290 2445 1402 2478 adhuc
1426 2445 1542 2478 labris.
1587 2445 1630 2477 Id
1658 2446 1725 2477 ele-

1019 2500 1142 2537 ganter
1171 2496 1347 2538 expressit
1370 2495 1539 2528 Minutius
1561 2495 1659 2527 Felix
1689 2495 1723 2527 in

1018 2557 1078 2579 suo
1097 2547 1269 2580 octavio:
1298 2547 1308 2566 ‘
1323 2548 1368 2579 Et
1381 2546 1473 2590 quod
1489 2545 1569 2587 est,’
1581 2546 1642 2587 ait,
1666 2548 1676 2564 ⁸
1688 2546 1724 2578 in

1017 2597 1135 2629 liberis
1163 2597 1357 2636 amabilius,
1379 2597 1491 2629 adhuc
1513 2597 1610 2628 aunis
1625 2596 1722 2628 inno-

1016 2647 1190 2689 centibus,
1215 2651 1253 2680 et
1275 2648 1387 2680 adhuc
1412 2645 1594 2679 dimidiata
1615 2646 1722 2678 verba

1017 2698 1244 2740 tentantibus,
1272 2698 1442 2741 loquelam
1464 2697 1538 2739 ipso
1553 2695 1723 2730 offensan-

1017 2750 1060 2782 tis
1077 2749 1204 2792 linguae
1220 2748 1388 2791 fragmine
1404 2748 1619 2782 dulciorem:
