1820 3068
208 205 321 248 1052

710 221 752 249 P.
785 218 976 250 PAPlNll
1013 220 1178 251 STA'I'u

209 311 310 353 Illic
332 312 531 363 conferti,
546 313 642 368 jam
661 313 757 355 sole
777 314 1040 356 rubentibus
1061 315 1196 366 a'rvis,

208 380 428 422 Bellatrix
450 381 605 424 sedere
625 382 807 424 cohors:
838 382 902 424 ibi
920 395 1107 437 corpore
1127 383 1271 426 mixto

208 448 364 490 Metiri
383 462 630 500 numerum,
650 450 903 504 vultusque,
923 451 1191 505 habitusque
1210 464 1406 502 suorum,

209 516 355 558 Dulce
373 517 496 567 viris,
517 518 715 571 tantique
730 517 865 572 juvat
885 518 1051 560 fiducia
1066 520 1189 561 belli.

209 583 400 625 Centum
419 584 484 625 ibi
504 585 744 638 nigrantes,
766 587 950 627 armenti
970 588 1147 637 robora,
1169 591 1317 630 tauros

209 651 353 693 Lenta
373 651 490 693 mole
509 653 696 704 trahunt,
714 653 827 695 idem
848 667 1144 709 numerusque
1164 656 1373 709 colorque

209 719 445 770 Matribus‚
464 724 509 760 et
531 720 727 762 nondum
747 721 915 763 lunatis
934 721 1072 763 fronte
1086 722 1310 775 juvencis.

211 786 330 828 Exin
349 787 677 840 magnanimum
699 788 836 830 series
855 788 1044 842 antiqua
1062 794 1290 842 pareutum

210 854 454 905 Invehitur,
475 855 596 897 miris
614 857 657 897 in
680 856 849 897 vultum
870 856 1065 897 animata
1083 855 1251 909 figuris.

209 921 389 963 Primus
411 922 687 964 anhelantem
708 923 817 965 duro
838 923 1094 978 Tirynthius
1116 930 1281 976 angens
1590 924 1677 966 270

210 989 417 1030 Pectoris
438 990 591 1034 attritu
610 1003 691 1032 sua
709 989 871 1044 frangit
889 991 935 1032 in
952 1003 1058 1032 ossa
1076 991 1263 1033 leonem.

210 1056 353 1099 Haud
373 1057 504 1115 illum
515 1057 744 1112 impavidi,
765 1058 970 1112 quamvis
993 1063 1040 1100 et
1058 1058 1105 1099 in
1126 1070 1231 1109 aere,
1253 1070 1473 1113 suumque

209 1162 311 1193 taturi
334 1163 422 1194 sedes
441 1163 581 1204 capiunt,
609 1164 726 1204 campis
741 1162 812 1202 jam
835 1164 899 1196 sole
923 1163 1103 1195 illustratis.
1149 1163 1200 1194 Ibi
1221 1173 1292 1194 eum
1314 1173 1378 1195 uno
1396 1162 1675 1204 permiscerentur,

206 1208 338 1244 gratum
352 1209 421 1236 erat
442 1216 501 1246 pop

504 1207 552 1237 ulo
566 1207 701 1238 lustrare
713 1207 811 1237 oculis
824 1216 995 1246 numerum,
1010 1207 1126 1246 tultus,
1139 1216 1175 1237 uc
1193 1209 1303 1245 gestus
1315 1216 1456 1244 suorum,
1477 1209 1508 1237 et
1522 1204 1675 1237 secun-itas

209 1247 287 1279 talis
302 1247 374 1279 belli
394 1250 507 1288 placet.
552 1249 634 1280 Illuc
647 1253 746 1288 agunt
761 1250 851 1280 tardo
864 1250 969 1289 gradu
983 1252 1105 1280 centum
1121 1248 1235 1287 furvos
1262 1252 1384 1288 tauros,
1401 1248 1537 1280 armenti
1550 1248 1674 1287 decora,

208 1290 350 1331 idemque
376 1300 519 1323 numer-us
541 1295 572 1322 et
587 1293 670 1323 color
684 1292 888 1331 estfoeminss,
903 1296 934 1323 et
941 1291 1085 1331 juvencis
1098 1291 1208 1332 quibus
1221 1291 1349 1331 frontes
1361 1292 1495 1322 nondum
1509 1300 1675 1331 exaspera-

209 1332 325 1364 bantur
337 1333 491 1367 cornibus.
535 1335 617 1365 Mox
631 1334 770 1373 infertur
781 1338 870 1366 vetus
882 1338 1012 1366 stemma
1026 1334 1162 1373 sortium
1176 1335 1340 1375 majorum,
1360 1343 1412 1365 ore
1426 1343 1570 1374 expresso
1585 1332 1675 1364 miri·

200 1375 334 1416 figur-ir.
379 1376 522 1417 Magnus
538 1377 692 1409 Hercules
709 1377 895 1419 Tirynthius
919 1377 1008 1408 elidit
1029 1377 1064 1407 in
1085 1386 1156 1408 ossa
1179 1387 1236 1408 sua
1257 1376 1399 1409 anhelum
1420 1377 1536 1407 leonem
1551 1374 1675 1416 inflictu

205 1419 355 1459 pectoris.
399 1420 516 1460 Argivi
528 1430 588 1451 non
604 1421 692 1452 illum
705 1419 774 1453 sine
788 1423 873 1452 metu
886 1423 1087 1461 aspexerunt,
1102 1419 1243 1462 quamvis
1265 1419 1300 1451 in
1323 1429 1386 1451 ωτι
1402 1418 1526 1460 susum,
1540 1420 1574 1450 et
1586 1427 1674 1449 mm

823 1514 1070 1527 ON‘NMOO

212 1580 365 1621 optimus
379 1581 583 1614 Barthianus
598 1593 607 1622 3
631 1583 704 1615 Illic
726 1582 862 1614 conserti
889 1581 1113 1621 Lactantius3
1138 1582 1210 1613 mic
1227 1581 1390 1621 confertim
1405 1579 1503 1612 multi
1520 1578 1620 1612 codd.
1637 1583 1674 1611 et

210 1623 290 1656 edd.
304 1628 498 1657 vem—262
522 1626 617 1656 Unus
633 1626 758 1657 Behot.
774 1626 984 1656 misem—263
1010 1625 1176 1656 Nonnulli
1191 1624 1390 1656 Barthiani:
1411 1625 1572 1663 cultusque
1587 1622 1674 1654 habi-

210 1670 439 1708 tusque—264
464 1668 527 1699 ‘In
541 1668 615 1699 aliis
630 1669 725 1700 libris
741 1669 880 1709 legitur,
906 1668 1094 1708 &11:1¹1ssun
1118 1667 1208 1708 quod
1235 1677 1302 1698 non
1329 1665 1534 1707 probamus!
1558 1665 1674 1696 Barth.

210 1712 319 1741 —269
342 1711 440 1742 Unus
466 1711 669 1742 Bartliianns
698 1721 760 1752 pro
789 1722 820 1742 v.
838 1712 861 1743 l.
883 1711 916 1741 in
938 1711 1053 1743 vivum.
1099 1710 1262 1742 Heinsius
1288 1709 1331 1741 ad
1354 1709 1533 1741 claudian.
1548 1718 1581 1748 p.
1597 1710 1674 1738 238.

209 1752 301 1784 miris
324 1754 547 1786 vultum—‘270
569 1753 729 1786 Bartliius
744 1764 786 1786 ex
803 1754 904 1787 codd.
927 1753 1011 1786 duri.
1055 1753 1127 1785 Pro
1141 1761 1260 1793 angens
1272 1753 1328 1785 alii
1342 1753 1574 1792 ingena-271
1599 1750 1677 1782 Pec-

874 1846 1020 1879 NOTAE

255 1914 320 1944 264
343 1910 446 1952 Belli]
469 1911 631 1953 Intellige
656 1911 699 1943 de
726 1911 815 1944 ludis
832 1921 917 1953 quos

213 1973 319 2004 supra
337 1972 470 2004 pugnas
486 1963 634 1994 inermes
651 1967 764 1994 vocat.

254 2017 317 2046 265
344 2012 535 2053 Nigr-antes]
560 2013 664 2044 Furvi
688 2013 778 2043 enini
795 2012 918 2044 coloris

211 2069 344 2096 tantum
362 2064 511 2095 victimae
529 2063 793 2095 immolabantur
809 2063 842 2095 in
864 2061 918 2094 fu-

213 2110 377 2147 nebribus
393 2114 511 2146 sacris.

256 2168 322 2198 266
346 2164 504 2206 Trahunt]
548 2164 659 2206 Bene,
693 2165 775 2207 quia
811 2164 918 2197 boves

217 2214 313 2250 lente
329 2216 506 2248 incedunt.
911 2226 914 2228 ·

255 2270 320 2300 267
357 2267 495 2299 Lunatis
533 2266 660 2307 fronte]
694 2266 737 2298 Id
768 2270 833 2307 est,
868 2266 917 2298 iu-

214 2318 356 2351 structis
386 2317 559 2358 cornibus,
600 2318 634 2348 in
658 2316 804 2348 formam
829 2317 918 2348 lunae

214 2370 339 2402 ductis.

256 2422 321 2453 268
333 2419 422 2451 Exin
435 2418 669 2458 magnanimum
681 2419 779 2450 series
790 2417 920 2458 antiqua

213 2470 397 2513 parentum]
432 2469 501 2501 Hic
517 2478 634 2500 rursus
649 2469 762 2500 innuit
777 2477 919 2500 consue-

215 2521 370 2553 tudinem
398 2520 598 2558 Romanam,
625 2529 691 2560 qua
719 2528 789 2550 non
813 2519 921 2550 solum

215 2571 274 2603 Dii
300 2571 482 2613 quotannis
501 2570 714 2601 Circensium
741 2568 862 2600 diebus
886 2569 921 2599 in

215 2621 390 2663 carpentis
420 2621 702 2660 traducebantur,
729 2621 788 2652 sed
813 2622 918 2652 etiam

217 2676 425 2703 mortuorum
443 2671 612 2712 imagines
625 2670 715 2702 ludis
731 2671 850 2711 inatae,
864 2671 919 2702 iis-

216 2730 284 2763 que
298 2721 391 2753 locus
406 2721 561 2762 publicus
577 2721 674 2763 quasi
698 2721 740 2753 ad
763 2726 920 2762 spectan-

217 2772 298 2805 dum
325 2771 446 2804 datus:
480 2771 568 2814 quod
597 2771 641 2804 de
666 2773 809 2804 mortuis
838 2772 920 2805 satis

971 1910 1106 1942 indicat
1127 1910 1197 1942 Dio
1226 1910 1288 1942 lib.
1314 1918 1392 1941 ιιιι.
1417 1908 1460 1940 de
1486 1907 1563 1939 Diis
1583 1907 1676 1939 enim

973 1966 1091 1993 notum
1107 1966 1184 1993 est:
1217 1965 1227 1979 ⁴
1241 1960 1412 2000 Marcelli,
1427 1958 1628 2001 (defunctus
1646 1959 1676 1990 is

973 2010 1077 2052 erat‚)
1093 2016 1129 2042 et
1153 2011 1336 2051 imaginem
1353 2019 1502 2049 auream,
1517 2013 1553 2040 et
1577 2018 1674 2040 coro-

973 2071 1050 2092 nam
1066 2071 1218 2101 auream,
1245 2066 1282 2092 et
1297 2060 1414 2092 sedem
1431 2060 1585 2092 curulem
1603 2060 1671 2091 Ro-

972 2114 1080 2145 manis
1092 2113 1179 2145 ludis
1194 2112 1312 2144 inferri
1320 2111 1422 2154 jussit
1435 2112 1676 2150 in'l'heatrum,

972 2163 1190 2204 mediamque
1207 2163 1298 2195 illam
1313 2162 1393 2204 poni
1409 2162 1502 2194 inter
1515 2162 1615 2194 sedes
1631 2163 1676 2193 E:

974 2215 1147 2246 ditorum.’

1015 2269 1081 2298 2⁷0
1106 2265 1305 2307 Tirynthius]
1328 2264 1508 2298 Hercules.
1544 2266 1678 2306 Augen:

976 2317 1120 2358 [ingens]
1144 2317 1379 2349 Membranae:
1402 2326 1534 2356 angens.
1557 2318 1677 2349 Bene:

973 2378 1052 2400 nam
1067 2372 1105 2399 et
1119 2368 1168 2400 sic
1185 2368 1325 2409 proprie
1340 2366 1517 2400 interfecit
1539 2366 1678 2409 ἄτρωτον

972 2419 1120 2450 leonem.
1140 2418 1247 2450 Theb.
1260 2427 1314 2451 ιν.
1329 2420 1339 2437 ⁴
1354 2417 1478 2450 Rabidi
1493 2428 1570 2450 eum
1585 2419 1677 2451 colla

974 2471 1143 2503 minantia
1156 2470 1301 2502 monstri
1324 2469 1496 2510 Angeret‚
1519 2474 1556 2502 et
1572 2470 1672 2502 tumi-

975 2521 1037 2552 dos
1053 2521 1198 2552 animam
1215 2525 1416 2561 angustaret
1432 2520 1467 2551 in
1482 2519 1599 2552 artus-³

1016 2574 1078 2603 2⁷1
1103 2571 1253 2612 Leonem]
1312 2570 1492 2602 Nemaenm
1530 2569 1675 2603 scilicet.

975 2621 1040 2653 Sua
1051 2622 1086 2653 in
1099 2622 1185 2662 ouo]
1207 2621 1336 2652 Noster
1358 2620 1510 2652 Hercule
1533 2619 1673 2660 Epitra-

973 2672 1069 2714 pezio
1084 2683 1092 2703 :
1115 2673 1125 2690 ‘
1139 2672 1217 2703 Hoc
1240 2674 1382 2712 pectore
1399 2678 1534 2712 prensus
1550 2669 1673 2701 Vasta·

974 2727 1028 2754 tor
1043 2720 1219 2753 Nemees!

1015 2775 1080 2805 2⁷2
1102 2771 1258 2812 sanumque
1281 2769 1387 2811 decus]
1419 2769 1512 2804 Quia
1538 2769 1672 2803 nereu-

1587 586 1681 637 265
