1820 3068
209 242 295 287 762

710 253 749 285 Ρ.
783 253 976 286 PA1¹1N11
1011 254 1181 286 STA'rll

211 349 389 391 Involvi
410 349 623 404 prolapsa
645 362 751 392 sua:
787 355 936 393 manet
955 352 1031 394 ille
1052 352 1239 394 cruentis

210 418 444 471 Angustus
465 418 581 467 telis,
604 422 650 459 et
668 417 1027 473 inexpugnabilis
1050 420 1214 461 obstat.
1364 447 1369 451 -

211 485 318 527 Non
339 485 465 526 aliter
480 484 680 541 (Geticae
700 488 737 527 si
758 487 827 528 fas
850 492 922 528 est
941 487 1115 529 credere
1134 486 1363 542 Phlegrae)

1590 489 1676 531 595

210 551 446 593 Armatam
469 552 707 594 immensus
727 554 938 596 Briareus
959 554 1082 596 stetit
1101 554 1269 596 aethera
1289 559 1461 605 contra,

211 617 335 659 Hinc
357 618 518 660 Phoebi
539 619 782 673 pharetram,
802 620 906 663 hinc
927 625 1068 664 torvae
1088 621 1288 664 Palladis
1308 635 1486 676 angues,

211 685 322 727 Inde
343 686 665 728 Pelethroniam
687 688 878 742 praefixa
897 688 1086 744 cuspide
1104 689 1257 743 pinum

212 752 390 805 Martis,
412 757 457 795 at
475 753 575 795 hinc
594 754 716 797 lasso
735 760 907 798 mutata
930 757 1206 811 Pyracmone
1226 761 1426 799 temnens

211 871 296 892 mero
311 861 524 903 implicantur.
569 863 681 894 Manet
696 862 750 895 ille
763 867 919 904 angustus
932 862 1117 904 sanguineis
1144 863 1227 904 telis,
1247 866 1279 895 et
1302 863 1424 896 resistit
1451 861 1682 904 insuperabilis.

215 904 290 935 Non
304 914 390 935 secus
405 905 451 945 (εἰ
463 905 550 947 fides
563 906 738 937 adhibenda
751 913 798 937 est
814 906 962 945 Plaegroe
978 906 1118 948 Getice)
1131 906 1279 938 immunis
1292 906 1448 938 Briareus
1459 906 1551 938 stetit
1570 906 1680 937 adver·

209 956 266 978 eus
279 951 434 978 annaeum
447 949 567 986 coelum,
588 957 734 988 spernens
748 949 821 980 hinc
835 950 972 988 sagittas
986 949 1112 989 Phoebi,
1134 949 1207 980 hinc

1339 953 1385 982 tes
1399 949 1498 982 mci.-
1512 949 1681 986 Minerva,

210 989 283 1021 inde
297 999 371 1021 vero
386 992 508 1022 hastam
524 990 647 1028 Mortis
672 991 917 1032 Pelethroniam,
936 991 989 1025 cui
1008 1002 1112 1024 mucro
1131 991 1368 1035 proefigebntur,
1391 995 1428 1024 at
1451 991 1526 1023 hinc
1539 990 1681 1031 Μαίη

816 1085 836 1098 O

213 1149 297 1182 sian.
312 1149 444 1182 Buslid.
462 1156 608 1193 uterque
634 1152 760 1184 Behnt.
777 1151 882 1186 Aldd.
898 1153 1008 1185 Colin.
1023 1152 1156 1194 Gryph.
1171 1152 1278 1184 Basil.
1291 1157 1327 1184 et
1342 1151 1457 1184 Plant.
1472 1154 1509 1183 et
1524 1151 1574 1184 sic
1597 1149 1683 1192 legit

214 1193 381 1224 Heinsius
398 1194 420 1224 l.
436 1194 458 1226 1.
491 1194 531 1224 In
551 1194 651 1226 socios
678 1195 772 1227 Dan.
799 1197 881 1228 Put.
906 1197 1031 1228 Petav.
1051 1197 1152 1227 Tanr.
1177 1196 1295 1227 Burm.
1321 1195 1554 1235 Lindenbrog.
1582 1194 1683 1226 Cruc.

213 1236 364 1268 Gronov.
392 1236 513 1268 Barth.
531 1237 639 1269 Veen.
657 1243 693 1269 et
715 1238 844 1280 Delph.
873 1239 1040 1280 probante
1064 1239 1383 1270 Burmanno.—593
1406 1239 1575 1269 Involvunt
1595 1236 1682 1268 Tau-

212 1278 278 1310 rin.
300 1279 440 1310 Involvit
465 1280 558 1311 Dan.
583 1280 665 1312 Put.
693 1281 815 1314 Petav.
835 1281 945 1322 Lang.
973 1283 1077 1313 Laur.
1103 1281 1255 1322 Lipsian.
1283 1280 1416 1313 Buslid.
1444 1280 1584 1312 Behott.
1603 1281 1634 1311 1.
1650 1281 1683 1312 2.

212 1321 359 1353 Venett.
378 1322 475 1353 Rom.
493 1321 599 1354 Aldd.
617 1323 727 1356 Colin.
752 1324 882 1366 Gryph.
898 1324 1006 1357 Basil.
1023 1325 1141 1356 Plant.
1157 1323 1389 1365 Lindenbrog.
1411 1324 1513 1355 Crue.
1540 1322 1684 1354 Gevart.

214 1364 372 1397 Grasser.
390 1369 425 1396 et
447 1363 593 1397 Amstel.
619 1366 742 1398 Involvi
768 1367 930 1399 Petrens.
944 1368 1032 1399 Exc.
1059 1366 1206 1398 Cantab.
1221 1367 1341 1399 Burm.
1365 1370 1402 1398 et
1416 1367 1484 1398 duo
1505 1364 1684 1404 Gronovii,

212 1407 303 1449 quod
320 1408 379 1439 ille
394 1408 565 1449 reposuit,
581 1418 729 1451 eumque
748 1411 862 1442 secuti
877 1415 958 1442 suut
973 1410 1096 1442 Barth.
1119 1410 1227 1442 Veen.
1242 1414 1280 1441 et
1297 1409 1427 1450 Delpb.
1470 1409 1528 1440 Ita
1546 1416 1684 1450 quoque

213 1450 300 1491 legit
315 1451 393 1482 Nic.
409 1451 574 1482 Heinsius
598 1452 642 1483 ad
666 1452 784 1484 Ovidii
805 1453 918 1484 locum
942 1453 1044 1485 modo
1059 1453 1218 1484 citatum.
1240 1453 1360 1484 Burm.
1383 1453 1437 1484 ille
1455 1454 1625 1488 ruentum;
1647 1455 1685 1482 et

214 1493 264 1525 ita
279 1492 349 1525 duo
364 1493 465 1525 codd.
479 1494 659 1533 Gronovii‚
674 1495 765 1527 unde
786 1495 845 1528 ille
859 1493 968 1528 fecit:
992 1495 1126 1534 ruentis,
1142 1496 1198 1527 vel
1220 1497 1466 1527 ruentem—595
1489 1493 1546 1525 Its
1568 1493 1688 1525 distin-

214 1536 331 1577 guitur
356 1537 391 1567 in
419 1536 520 1568 codd.
544 1537 693 1578 Bartbii,
717 1543 754 1570 et
779 1538 829 1570 sic
855 1538 966 1570 edidit
990 1539 1198 1571 Gevartius:
1224 1538 1258 1569 in
1282 1537 1363 1569 edd.
1394 1547 1474 1569 vero
1498 1540 1586 1568 vett.
1611 1535 1685 1568 Non

213 1580 309 1611 aliter
324 1579 446 1611 Getica·
461 1579 475 1621 (
491 1579 584 1619 sifus
596 1584 643 1612 est
656 1581 799 1622 credere)
813 1581 1085 1622 Phlegra—596
1106 1582 1204 1614 Unus
1220 1579 1346 1613 Bebot.
1366 1580 1442 1612 αὲηι
1455 1580 1684 1611 σπίνω-697

214 1622 305 1653 Hinc
321 1622 452 1654 Phoebes
458 1622 602 1661 faretras
624 1625 658 1655 in
674 1624 810 1656 duobus
835 1624 969 1655 Barthii
985 1624 1195 1656 codd.——599
1219 1624 1311 1654 Dan.
1329 1623 1412 1654 Put.
1434 1623 1558 1654 Petav.
1573 1621 1683 1661 Lang.

171 1706 175 1708 Y
214 1665 321 1697 Laur.
347 1666 499 1705 Lipsian.
524 1666 657 1699 Buslid.
682 1666 786 1698 Aldd.
816 1667 925 1699 Colin.
953 1667 1086 1708 Gryph.
1113 1667 1220 1698 Basil.
1251 1666 1367 1698 Plaut.
1394 1664 1622 1704 Lindenbrog.
1650 1668 1687 1694 et

215 1706 318 1739 Crnc.
350 1708 457 1749 lapscu-
478 1708 616 1740 Taurin.
646 1713 683 1741 et
707 1710 825 1740 Burm.
855 1711 953 1747 lax⁰,·
976 1710 1116 1751 optirnae
1139 1709 1273 1740 Barthii
1297 1707 1400 1740 codd.
1430 1707 1489 1739 alii
1518 1705 1686 1747 ejusdem.

217 1754 367 1791 uterque
394 1751 519 1783 Behot.
550 1752 675 1791 ceteri,
701 1761 778 1784 cum
801 1751 882 1785 edd.
899 1753 1042 1784 Venett.
1060 1753 1157 1784 Rom.
1182 1751 1340 1783 Grasser.
1368 1751 1511 1782 Gevart.
1539 1749 1685 1780 Amstel.

215 1790 370 1826 Gronov.
388 1793 509 1825 Barth.
525 1794 637 1826 Veen.
655 1799 692 1826 et
719 1795 844 1837 Delph.
867 1796 962 1827 lasso.
977 1795 1069 1827 Vide
1090 1794 1246 1827 Broukh.
1269 1794 1312 1826 ad
1336 1794 1499 1835 Propert.
1515 1801 1568 1825 lv.
1582 1794 1616 1824 4.
1631 1793 1687 1823 64.

880 1881 1026 1914 NOTAE

262 1947 326 1977 593
350 1945 465 1977 Manet
477 1945 532 1977 ille
545 1945 684 1978 mentis
703 1946 868 1986 Angustus
883 1949 929 1978 te-

215 1996 274 2038 lis]
298 1995 428 2036 Scripti
445 1995 590 2027 habent:
628 1996 744 2028 Manet
766 1996 820 2028 ius
838 2006 929 2029 ruen-

218 2050 297 2087 tum,
315 2046 370 2078 vel
386 2046 518 2078 ruentis.
545 2046 761 2087 Legendam,
775 2046 824 2078 ait
838 2046 929 2079 Gro-

219 2099 353 2135 novius,
369 2102 474 2130 manet
485 2099 539 2130 ille
553 2102 693 2131 ruentes.
729 2098 773 2130 ld
789 2102 854 2140 est,
868 2108 927 2131 ex-

218 2153 339 2190 pectnt
353 2153 391 2180 et
406 2148 568 2181 sustinet.

264 2201 328 2231 695
354 2198 478 2230 Geticae
492 2196 659 2239 Phlegroe]
681 2197 793 2230 Locus
808 2197 869 2230 ubi
881 2197 930 2240 gi-

220 2254 341 2289 gantes
359 2253 601 2290 pugnaverunt
622 2258 702 2281 cum
726 2249 817 2289 Diis,
833 2258 931 2281 voca-

220 2304 275 2332 tus
312 2299 380 2332 fuit
409 2299 568 2340 Phlegra,
596 2298 658 2332 ἀπὸ
693 2300 752 2331 τοῦ
785 2298 932 2340 φλέγειν,

220 2350 313 2393 quod
330 2360 420 2383 urere
435 2350 572 2382 Graecis
587 2350 771 2392 siguificat.
801 2350 930 2391 Gigan-

221 2406 274 2433 tes
289 2401 380 2432 enim
397 2400 494 2440 victi,
509 2400 557 2432 ibi
572 2399 772 2432 fulminibus
788 2409 931 2442 percus·

219 2452 246 2483 si
263 2455 353 2483 sunt.
397 2450 561 2482 Ceterum
589 2460 656 2483 non
680 2455 816 2483 constat
838 2451 932 2483 inter

221 2508 393 2542 auctores,
407 2500 443 2532 in
459 2510 529 2542 qua
541 2501 682 2543 regione
695 2502 790 2533 locus
806 2501 872 2533 iste
888 2501 931 2532 si-

220 2556 276 2583 tus
292 2557 379 2584 erat.
424 2550 591 2592 Papinius
606 2552 663 2584 hic
678 2551 713 2583 in
729 2551 857 2584 Getica
872 2561 934 2584 seu

220 2602 388 2635 Thracia:
414 2602 472 2633 alii
488 2601 523 2632 in
539 2601 644 2633 Italia
659 2611 769 2644 prope
786 2598 912 2635 Cumas
926 2613 934 2633 ε

223 2652 283 2684 alii
299 2652 438 2684 tandem
455 2653 490 2683 in
505 2652 681 2684 Thessalis
696 2661 804 2694 prope
820 2653 935 2684 Palle-

223 2712 301 2734 nem
315 2703 497 2734 collocant.

266 2755 331 2785 596
353 2752 527 2793 Briareus]
551 2751 713 2784 Briareus
736 2752 845 2794 gigas,
867 2752 936 2785 elio

226 2803 364 2836 nomine
380 2802 525 2844 AEgaeon
541 2806 695 2844 vocatus,
708 2807 846 2836 centum
861 2801 938 2835 bra·

983 1945 1060 1978 chia
1089 1953 1276 1985 manusque
1302 1942 1462 1975 habuisse
1497 1940 1692 1983 dicebatur,

983 1995 1074 2028 unde
1090 1996 1099 2012 ‘
1113 1994 1327 2026 centimanus
1339 1992 1350 2008 ’
1366 1997 1521 2025 vocatus.

1025 2049 1090 2078 697
1128 2045 1241 2077 Phoebi
1267 2044 1450 2086 pharetras]
1493 2041 1624 2075 Arcum
1653 2044 1691 2073 et

983 2097 1178 2139 pharetram
1194 2094 1279 2127 dant
1293 2093 1416 2126 Poetae
1430 2092 1583 2135 Apollini
1595 2103 1607 2132 ς
1629 2100 1691 2124 un-

984 2147 1027 2179 de
1054 2146 1196 2189 proprio
1219 2146 1372 2187 epitheto
1398 2144 1512 2177 dictus
1534 2143 1694 2176 ‘Arcite-

984 2197 1094 2230 nens.’
1141 2196 1288 2229 Palladis
1300 2195 1435 2236 απςιιεε]
1461 2193 1635 2234 Intelligit
1647 2202 1693 2224 ω-

987 2248 1117 2290 gidem,
1132 2247 1166 2279 in
1189 2247 1284 2287 cujus
1311 2244 1426 2278 medio
1451 2243 1620 2285 Gorgonis
1635 2252 1692 2275 ca-

987 2303 1064 2340 put,
1077 2297 1169 2339 quod
1183 2300 1260 2329 erat
1274 2296 1427 2328 cinctum
1441 2294 1623 2336 anguibus,
1635 2302 1694 2335 po·

985 2349 1088 2381 situm
1102 2351 1191 2379 erat.

1027 2402 1091 2431 598
1121 2397 1359 2430 Pelethroniam
1389 2395 1516 2437 pinum]
1546 2395 1693 2428 Hastam

983 2449 1225 2485 Thessalicam,
1240 2457 1261 2479 a
1274 2445 1692 2479 Pelethronio'l'hessaliae

985 2510 1005 2533 ο
1057 2500 1126 2532 ido.

1007 2510 1096 2583 Ρξθθ
1119 2548 1331 2591 Pyracmone]
1361 2548 1554 2590 Pyracmon
1570 2554 1658 2577 unus
1675 2554 1694 2578 e

988 2600 1154 2634 ministris
1168 2598 1327 2639 Vulcani,
1339 2597 1520 2629 fulminum
1546 2594 1695 2628 fabrica-

989 2651 1136 2684 toribus.
1179 2647 1326 2688 Mutata]
1343 2647 1384 2680 Id
1399 2651 1468 2687 est,
1478 2645 1626 2685 refecta,
1640 2655 1695 2678 re-

990 2705 1129 2734 novata.
1173 2700 1353 2732 Lucanus:
1387 2697 1398 2716 ‘
1411 2697 1588 2729 Pallenaea
1613 2695 1694 2730 Jovi

988 2750 1137 2785 mutavit
1147 2748 1292 2783 fulmina
1306 2746 1481 2790 Cyclops!
