1820 3068
217 224 306 267 ’714
716 236 758 267 ι’.
792 235 983 267 ιἈΡιΝιι
1018 235 1183 268 srArn

222 333 485 387 Corripuere
505 331 643 375 toris:
673 333 778 375 illos
799 336 904 386 post
921 333 1104 375 verbera
1124 332 1287 383 fessos,

221 400 561 455 Exceptamque
576 400 781 455 hyemem
801 412 937 443 cornu
957 399 1207 454 perfuderat
1225 401 1346 443 omni

221 468 439 510 Somnus:
470 471 518 509 at
539 468 723 510 Inachio
743 468 886 510 tenuis
904 468 988 509 sub
1009 471 1192 522 pectore
1212 469 1306 522 regi

220 535 390 578 Tracta
410 535 554 590 quies,
577 536 682 577 dum
709 539 855 578 mente
877 535 1004 577 Deos
1019 535 1291 590 inceptaque
1310 537 1457 578 versat

224 604 458 658 Hospitia,
479 608 527 644 et
547 617 648 658 quae
668 604 755 645 sint
775 603 946 657 generis
966 602 1112 644 ascita
1130 604 1319 657 repertis

224 672 342 714 Fata
360 675 519 714 movet.
566 671 813 726 Postquam
834 670 1057 714 mediisin
1077 670 1262 712 sedibus
1278 671 1392 713 aulae

223 739 475 793 Congressi,
496 739 634 793 inque
649 740 792 782 vicem
811 739 998 781 dextras
1008 738 1217 792 junxere,
1238 739 1488 794 locumque,

225 807 329 858 Quo
350 820 494 848 serere
517 820 703 849 arcanas
723 811 882 861 aptum
903 811 1038 861 atque
1059 807 1270 847 evolvere
1292 818 1439 856 curas,

224 875 454 927 Insidunt3
486 876 606 930 prior
624 875 693 917 his
714 875 875 916 dubios
897 875 1138 928 compellat
1158 873 1408 916 Adrastus:

224 944 400 997 Egregii
413 942 640 997 juvenum,
661 956 773 997 quos
791 956 882 985 non
902 943 997 985 sine
1017 942 1196 984 numine
1215 943 1362 996 regnis

225 1012 401 1054 Invexit
422 1024 512 1053 nox
532 1011 693 1053 dextra
713 1012 835 1063 meis,
858 1012 1021 1067 quibus
1037 1012 1137 1067 ipse
1159 1025 1240 1066 per
1260 1011 1439 1060 imbres,

1605 468 1692 511 145

1606 805 1691 847 150

226 1160 438 1198 consperserat
460 1160 525 1189 toto
548 1167 656 1197 corna,
680 1156 842 1196 fatigatos
868 1159 932 1188 tam
959 1159 1088 1198 excepta
1113 1158 1261 1197 procella,
1289 1166 1380 1197 quum
1399 1165 1519 1198 pugna.
1565 1154 1612 1186 At
1637 1163 1696 1185 rese

226 1200 376 1232 Inachius
396 1202 493 1232 levem
508 1210 649 1232 somnum
663 1200 718 1231 sub
732 1203 855 1241 pectore
868 1203 1006 1241 ceperat,
1026 1201 1100 1231 dum
1114 1200 1210 1232 volvit
1224 1201 1328 1232 animo
1346 1201 1488 1231 Deorum
1507 1199 1643 1238 oracula,
1664 1200 1696 1229 et

225 1253 320 1275 novos
341 1244 488 1285 hospites,
510 1247 541 1276 et
561 1245 694 1284 cogitat,
715 1253 785 1284 qua·
809 1244 873 1273 sint
899 1244 1024 1274 decreta
1043 1243 1186 1282 fatorum
1208 1244 1246 1274 de
1270 1242 1406 1283 gener-in,
1426 1251 1499 1282 quos
1523 1242 1697 1272 invenerat.

226 1286 401 1326 Postquam
415 1290 621 1318 convenerunt
635 1287 669 1317 in
683 1286 819 1318 mediam
840 1285 943 1316 aulam
968 1285 1078 1325 regioe,
1100 1289 1132 1317 et
1154 1287 1307 1318 dederunt
1327 1285 1388 1316 sibi
1409 1283 1540 1316 int-icem
1554 1286 1695 1322 dextras,

226 1329 355 1369 capiunt
368 1330 456 1361 sedes
469 1329 503 1360 in
517 1329 583 1361 Ioco
598 1330 707 1361 idoneo
721 1329 761 1360 ad
773 1329 988 1360 disserendum
1003 1331 1035 1359 et
1047 1330 1202 1368 agendum
1217 1330 1256 1361 de
1279 1328 1407 1360 secretis
1430 1326 1565 1367 negotiis
1575 1337 1589 1364 ,·
1607 1325 1697 1366 prior

227 1371 386 1404 Adrastus
401 1372 450 1403 his
462 1372 565 1404 verbis
579 1373 749 1413 attoquitur
763 1371 897 1402 incertos
909 1381 919 1401 .·
946 1371 1069 1412 Optimi
1083 1372 1299 1410 adolescentes,
1319 1381 1394 1412 quas
1412 1380 1475 1402 nox
1490 1369 1603 1408 fausta
1626 1379 1696 1409 per-

227 1415 319 1447 duxit
335 1415 370 1448 in
385 1425 489 1448 meum
501 1425 645 1456 regnum,
668 1424 731 1447 non
753 1414 822 1446 sine
844 1413 974 1445 consilio
989 1414 1141 1455 Deorum,
1161 1417 1192 1446 et
1219 1424 1349 1456 quorum
1369 1423 1498 1455 gressus
1522 1412 1588 1454 ipse
1612 1420 1698 1443 meas

844 1523 922 1536 OOOO
926 1522 1085 1536 econ-0000

228 1601 354 1634 Behot.
372 1602 566 1634 recentiore
582 1604 897 1634 atramenta—145
920 1601 1044 1633 Behot.
1056 1600 1112 1632 sub
1133 1603 1268 1641 pectora.
1312 1597 1404 1630 Vide
1426 1598 1540 1629 Burm.
1557 1595 1599 1627 ad
1618 1595 1696 1627 Val.

229 1645 324 1677 Flac.
342 1654 394 1677 vr.
410 1647 596 1677 603.—-l46
621 1645 737 1677 Fracta
751 1645 837 1686 quies
851 1644 990 1676 Tanrin.
1011 1644 1130 1675 Bnrm.
1151 1648 1188 1674 et
1204 1642 1327 1674 Behot.
1365 1640 1575 1672 Scholiastes
1590 1639 1700 1678 expli-

230 1692 310 1719 cat:
333 1689 343 1705 ‘
362 1688 441 1719 Non
459 1688 632 1729 perennis,
647 1688 709 1719 sed
727 1688 920 1728 interrupta
933 1686 955 1726 3¹
971 1696 1044 1729 quae.
1063 1687 1105 1718 ad
1123 1687 1238 1718 Fracta
1261 1687 1434 1725 spectant.
1482 1683 1599 1714 Tracta
1612 1681 1700 1722 quies

227 1730 392 1762 Petrens.
409 1731 495 1762 Exc.
511 1731 658 1763 Cantab.
676 1731 766 1762 Dan.
781 1731 862 1763 Pur.
880 1731 1001 1762 Petav.
1020 1730 1122 1761 Laur.
1141 1729 1290 1770 Lipsian.
1304 1725 1439 1758 anlid.
1455 1725 1512 1757 aiii
1526 1733 1604 1756 cum
1617 1723 1698 1756 edd.

230 1773 395 1806 omnibus.
438 1773 529 1805 Vide
557 1774 713 1806 Broukli.
737 1773 780 1805 ad
811 1773 974 1814 Propert.
1003 1782 1030 1804 1.
1058 1774 1110 1804 14.
1135 1773 1276 1803 9.-147
1300 1770 1397 1802 Unus
1424 1769 1547 1800 Bebot.
1571 1767 1699 1808 generis

228 1817 341 1848 adsuta
355 1816 511 1856 reperti&-
536 1827 621 1848 unns
639 1816 756 1848 Barth.
769 1816 895 1856 generis
909 1817 1009 1847 ascita
1022 1814 1261 1856 repent—150
1284 1812 1381 1844 Unus
1396 1812 1519 1843 Behot.
1534 1813 1700 1851 aptumque

229 1860 388 1897 evolvere5
410 1860 510 1891 etsie
534 1860 637 1891 etiam
661 1859 770 1890 codex
796 1859 997 1890 Burmanni.
1043 1858 1182 1889 Tauria.
1199 1856 1324 1888 habet:
1347 1858 1507 1895 actumque
1531 1853 1698 1884 revolvere.

231 1902 428 1934 Bnrmanno
444 1902 573 1934 arridet
587 1902 626 1933 τὸ
640 1903 804 1934 revolvere.
844 1901 898 1933 Cf.
915 1900 1020 1933 Ovid.
1037 1901 1126 1932 Met.
1143 1909 1178 1932 x.
1194 1902 1269 1931 355.
1284 1898 1383 1938 Virg.
1400 1896 1478 1928 AEn.
1496 1904 1532 1927 x.
1546 1898 1599 1926 58.
1625 1894 1698 1944 §ed

230 1944 281 1976 ini
305 1945 412 1985 magis
440 1945 577 1985 placet:
601 1947 766 1986 aptumque
791 1945 929 1976 evolvere
952 1946 1166 1975 curam—153
1203 1942 1212 1959 ⁶
1228 1941 1268 1973 In
1298 1939 1582 1981 praestantissimo
1611 1937 1698 1969 libro

231 1987 334 2019 claris
352 1987 461 2019 literis
478 1988 642 2028 scriptum
661 1993 734 2019 est:
757 1997 822 2019 nox
836 1989 963 2026 dextra,
979 1996 1056 2018 cum
1074 1985 1171 2018 nobis
1186 1984 1324 2026 quidem
1337 1981 1560 2015 inenarrabili
1575 1981 1698 2021 glossae

231 2029 384 2062 facinore
399 2040 408 2061 z
431 2030 442 2047 ‘
457 2030 492 2062 id
508 2035 573 2070 est,
593 2030 787 2072 prospicia!
834 2030 889 2061 An
902 2030 1080 2061 dexteram
1096 2033 1107 2048 ‘
1125 2036 1327 2069 prosperam
1341 2025 1350 2040 ’
1368 2023 1625 2065 intelligendam
1643 2032 1703 2054 vo·

232 2072 322 2104 luit?
348 2072 490 2114 Haereo,
506 2073 599 2105 clare
611 2074 701 2104 enim
714 2072 885 2105 scribitur.
931 2073 978 2104 Et
993 2072 1041 2104 ita
1058 2070 1245 2103 Leodensis
1258 2069 1346 2101 liber
1359 2066 1560 2099 Romanii)
1584 2065 1700 2098 Barth.

232 2115 373 2151 Tauria.
390 2116 508 2149 Burm.
524 2116 648 2150 Behot.
663 2117 755 2148 Dan.
772 2116 896 2149 Petav.
910 2116 994 2148 Put.
1010 2115 1172 2148 Petrens.
1187 2114 1272 2145 Exc.
1287 2111 1432 2145 Cantab.
1446 2110 1516 2152 alii,
1529 2118 1607 2141 cum
1622 2107 1701 2140 edd.

897 2210 1039 2244 NOTAE

278 2293 342 2323 144
367 2291 472 2322 Cornu
484 2287 669 2330 perfuderat
690 2287 775 2319 omni
797 2286 943 2327 Somnus]

234 2345 379 2377 somnus
400 2341 490 2372 enim
513 2340 714 2381 depingitur
729 2343 850 2370 tenens
867 2348 942 2370 cor-

236 2405 283 2428 nu
305 2394 444 2435 pienum
468 2401 605 2433 sopore,
626 2390 717 2432 quod
740 2390 872 2432 spargit
889 2400 944 2422 su-

236 2456 301 2489 pra
317 2449 457 2477 terram.

280 2499 342 2529 145
366 2494 496 2527 Inachio
508 2492 594 2533 regi]
619 2491 770 2524 Adrasto
784 2491 834 2523 sic
849 2491 943 2524 dicto

238 2548 292 2581 vel
318 2546 362 2578 ab
387 2544 515 2577 Inacho
530 2543 640 2584 primo
662 2552 745 2584 rege
762 2541 946 2583 Argorum,

236 2598 291 2629 vel
316 2596 358 2628 ab
380 2594 510 2634 Inacho
535 2592 639 2625 fluvio
663 2592 852 2633 Argolidis.
898 2592 945 2624 Et

237 2646 389 2679 notanda
403 2646 458 2677 hic
469 2644 642 2685 elegantia
654 2644 791 2684 Poetae,
804 2643 862 2686 qui
873 2647 943 2675 tres

237 2697 345 2729 duces
355 2695 536 2728 fluviorum
553 2694 812 2736 cognominibus
830 2693 944 2736 desig-

237 2747 343 2781 navit.

284 2799 348 2830 146
372 2795 455 2829 Dum
474 2798 576 2827 mente
588 2795 690 2837 Deos]
715 2794 757 2827 Id
783 2797 849 2836 est,
869 2803 944 2826 ora-

996 2286 1088 2326 cula,
1101 2295 1160 2317 seu
1172 2294 1336 2327 responsa
1349 2284 1515 2316 Deorum.

1039 2338 1102 2368 147
1140 2336 1275 2368 Generis
1313 2335 1465 2377 repertis]
1502 2333 1702 2374 Agnoverat

997 2388 1086 2419 enim
1103 2387 1302 2429 Polynicem
1315 2392 1351 2419 et
1369 2386 1527 2428 Tydeum
1540 2394 1599 2416 eos
1614 2393 1701 2419 esse.

997 2448 1083 2480 quos
1097 2438 1162 2471 sibi
1175 2448 1321 2478 generos
1334 2435 1588 2479 portendebant
1595 2433 1678 2466 fata.

1044 2492 1107 2522 149
1130 2490 1230 2531 Inque
1256 2490 1355 2522 vicem
1389 2489 1520 2520 dextras
1549 2483 1703 2524 junxere]

999 2539 1054 2572 Ad
1072 2540 1174 2572 fidem
1198 2539 1418 2572 sanciendam
1432 2535 1539 2569 futuri
1558 2533 1702 2567 foederis

998 2600 1039 2623 ac
1048 2590 1173 2623 futurae
1186 2590 1358 2622 amicitiae.

1042 2644 1105 2673 15⁰
1130 2641 1246 2683 Caras]
1268 2638 1433 2680 Negotia,
1448 2646 1524 2679 quae
1541 2644 1641 2668 curas
1654 2633 1704 2666 af-

997 2691 1125 2724 ferunt.

1041 2746 1104 2775 153
1128 2743 1205 2776 Nox
1218 2740 1349 2781 dextra]
1374 2738 1494 2782 Aliqui·
1510 2737 1629 2778 legunt
1641 2745 1707 2768 nox

998 2797 1082 2828 atra.
