1820 3068
347 501 446 575 P.
529 502 1040 608 ΡΑΡΙΝΠ
1120 507 1524 586 STATII
1587 594 1595 603 x

552 693 1278 799 ‚THEBAIDQS

760 876 982 926 LIBER
1030 877 1106 925 ΙΙ.

738 1228 1115 1262 ARGUMENTUM.

200 1309 419 1343 Mummius
439 1311 539 1353 jussu
563 1311 663 1345 Jovis
691 1315 886 1344 extractum
899 1311 1026 1344 Inferis
1050 1313 1172 1345 Laium
1196 1318 1301 1346 noctu
1325 1314 1460 1347 Thebas
1487 1314 1659 1357 perducit.

218 1355 221 1358 Α
239 1364 343 1399 Laius
359 1364 481 1397 induto
496 1365 640 1396 Tiresiae
658 1365 746 1397 vatis
760 1365 912 1397 Thebani
929 1366 1039 1407 vultu,
1065 1367 1255 1409 sumtisque
1271 1369 1346 1410 ejus
1362 1368 1564 1411 insignibus,
1576 1369 1663 1401 Ete-

239 1417 308 1449 ocli
323 1417 506 1449 dormienti
518 1417 553 1449 in
568 1417 693 1449 somnis
706 1422 865 1460 apparet.
909 1418 1060 1460 Nuptias
1076 1419 1255 1461 Polynicis
1267 1421 1298 1453 ei
1314 1422 1449 1454 nuntiat
1463 1433 1471 1452 z
1486 1422 1582 1454 illum
1597 1431 1659 1464 ap-

238 1475 380 1512 paratus
395 1469 658 1514 facere,quibus
670 1471 782 1513 ipsum
797 1472 1032 1514 aggrediatur,
1049 1479 1085 1505 et
1100 1474 1184 1506 solio
1199 1475 1294 1516 regio
1308 1475 1492 1508 deturbet:
1508 1480 1660 1509 mentem

237 1524 396 1556 Deorum
408 1533 498 1565 esse,
510 1529 547 1557 ut
561 1525 635 1566 ipse
651 1534 796 1567 regnum
811 1525 1011 1558 Thebanum
1028 1526 1186 1567 retineat,
1198 1531 1233 1559 et
1248 1527 1390 1561 fratrem
1405 1528 1487 1560 illud
1500 1533 1660 1569 repeten-

240 1581 311 1609 tem
328 1577 430 1609 armis
457 1578 618 1619 repellat.
662 1579 795 1613 Quibus
810 1578 923 1619 dictis,
937 1578 1045 1613 falsus
1059 1580 1206 1612 Tiresias
1227 1590 1265 1612 se
1280 1581 1396 1623 prodit
1410 1591 1510 1614 avum
1525 1581 1662 1621 Laium,

241 1635 278 1662 et
292 1635 416 1672 patens
432 1632 566 1673 vulnus,
586 1641 654 1674 quo
679 1632 844 1674 perierat,
864 1633 1007 1674 detegit.
1050 1633 1234 1667 Horrenda
1254 1634 1319 1667 hac
1331 1634 1479 1676 imagine
1497 1634 1660 1667 Eteocles

239 1684 426 1725 excitatus,
449 1685 638 1718 acrioribus
652 1685 740 1718 odiis
754 1687 790 1718 in
804 1686 949 1720 fratrem
962 1687 1176 1720 accenditur.
1220 1687 1364 1720 Interim
1390 1687 1570 1727 Adrastus,
1590 1696 1660 1719 uon

239 1737 414 1780 dubitans,
429 1739 512 1781 quin
526 1739 714 1781 Polynices
730 1744 766 1772 et
779 1740 918 1782 Tydeus
933 1744 1049 1773 esseut
1063 1740 1101 1781 ii,
1116 1750 1199 1782 quos
1223 1740 1296 1773 fata
1309 1741 1378 1783 ipsi
1393 1751 1538 1783 generos
1553 1741 1663 1773 desti-

237 1791 382 1833 nabant,
397 1792 483 1824 filias
495 1793 561 1825 illis
575 1792 781 1835 despondet,
796 1794 954 1836 Polynici
971 1793 1124 1835 Argiam,
1138 1794 1256 1834 Tydeo
1273 1793 1456 1836 Deipylen,
1481 1804 1586 1838 seque
1600 1804 1662 1827 eos
1715 1840 1718 1843 Ι

238 1845 275 1877 in
287 1845 434 1888 patriam
451 1846 687 1887 reducturum,
702 1856 744 1879 ac
758 1847 792 1879 iu
803 1847 888 1879 solio
903 1850 1053 1888 paterno
1068 1847 1316 1879 collocaturum
1331 1847 1514 1889 promittit.
1559 1848 1661 1890 Nup-

238 1900 298 1931 tiae
314 1899 493 1941 magnifice
507 1899 740 1932 celebrantur.
785 1899 955 1933 Qnaedam
971 1899 1128 1942 prodigia
1141 1900 1298 1932 laetitiam
1310 1899 1481 1941 publicam
1503 1900 1660 1933 turbant.

239 1953 319 1985 Nec
335 1953 456 1985 mirum
471 1964 479 1985 :
503 1952 611 1995 Argia
637 1953 777 1986 celebre
793 1953 879 1985 illud
899 1958 936 1986 et
952 1954 1135 1985 exitiosum
1150 1953 1277 1985 mouile
1293 1953 1491 1986 Hannoniae
1503 1953 1657 1995 gerebat.

237 2005 308 2038 Vix
325 2007 477 2048 peractis
500 2007 700 2048 nuptiarum
723 2006 933 2048 solennibus,
959 2007 1143 2048 Polynices
1159 2006 1331 2040 desiderio
1356 2005 1536 2040 obtinendi
1560 2007 1659 2049 regui
1685 2007 1688 2009 ’

238 2058 401 2102 flagrans,
415 2060 605 2094 Adrastum
635 2065 673 2093 et
686 2061 839 2103 Tydeum
868 2061 1045 2101 convenit,
1066 2070 1143 2093 cum
1165 2060 1215 2093 eis
1243 2060 1286 2093 de
1300 2060 1411 2092 modis
1435 2060 1558 2103 quibus
1572 2060 1657 2093 illud

238 2113 490 2156 adipisceretur
517 2114 783 2148 deliberaturus.
825 2114 898 2146 Diu
914 2114 1125 2146 consultant.
1161 2113 1319 2145 Tandem
1334 2113 1436 2145 fidem
1450 2112 1568 2146 fratris
1581 2119 1657 2146 teu·

237 2171 316 2199 tare
333 2168 477 2209 placuit,
498 2171 535 2200 et
557 2169 709 2210 legatum
725 2169 877 2208 mittere,
902 2168 961 2210 qui
981 2177 1124 2209 regnum
1141 2171 1290 2208 repetat.
1334 2167 1470 2209 Tydeus
1483 2166 1656 2208 legatione

238 2226 401 2263 suscepta
417 2221 552 2253 Thebas
567 2221 742 2262 pervenit,
767 2225 803 2253 et
828 2220 871 2252 ab
894 2221 1038 2252 Eteocle
1055 2219 1168 2251 verbis
1183 2218 1314 2260 asperis
1328 2227 1472 2262 regnum
1495 2219 1658 2261 reposcit.

238 2274 399 2306 Eteocles
416 2273 568 2307 ferocius
585 2274 786 2316 respondet,
809 2282 846 2306 se
861 2274 1091 2316 principatum
1108 2276 1403 2309 conservaturum,
1425 2282 1525 2313 quem
1540 2277 1578 2306 et
1590 2268 1657 2305 'for-

236 2332 323 2359 tuna
338 2331 376 2359 et
391 2327 506 2359 aetatis
523 2326 739 2368 privilegium
756 2326 822 2358 sibi
842 2326 1024 2359 dederant.
1069 2325 1212 2367 Tydeus
1235 2325 1389 2357 irritatus
1403 2326 1511 2358 minas
1531 2327 1656 2368 jactat,

237 2390 276 2413 se
293 2385 560 2422 recuperaturos
574 2380 688 2421 armis,
704 2380 793 2422 quod
814 2381 897 2422 jure
917 2390 987 2412 non
1008 2383 1178 2422 poterant,
1203 2388 1243 2410 ac
1258 2387 1414 2421 praeceps
1429 2379 1508 2410 aula
1522 2379 1656 2420 egredi·

236 2440 309 2466 tur.
353 2434 514 2466 Eteocles
536 2433 758 2465 lectissimam
791 2434 1040 2476 quinquaginta
1060 2433 1229 2473 juvenum
1254 2441 1390 2463 manum
1417 2431 1472 2463 via
1498 2432 1655 2464 breviore

235 2486 390 2528 Tydeum
407 2484 617 2521 antecedere
633 2486 751 2528 jubet,
763 2485 948 2528 faucesque
965 2491 1138 2528 angustas,
1161 2494 1229 2527 qua
1250 2484 1282 2516 ei
1308 2483 1550 2516 transeundum
1564 2489 1657 2525 erat,

235 2539 399 2579 insidere,
425 2548 466 2572 ac
480 2548 558 2570 eum
571 2538 791 2571 obtruncare.
834 2538 970 2580 Tydeus
996 2537 1159 2579 singulari
1175 2537 1330 2578 corporis
1345 2536 1468 2568 robore
1491 2543 1529 2569 et
1553 2538 1656 2569 animi

235 2592 474 2634 magnitudine
489 2591 602 2624 fundit
617 2600 735 2624 omnes
748 2596 785 2624 et
799 2591 980 2632 interficit,
996 2600 1063 2623 uno
1085 2594 1246 2630 excepto,
1269 2588 1325 2621 cui
1342 2589 1513 2630 pepercit,
1529 2594 1566 2622 ut
1582 2594 1654 2623 tur·

236 2646 290 2687 pis
317 2649 353 2676 et
379 2645 514 2686 ignavae
539 2644 772 2686 expeditionis
799 2649 958 2676 eventum
989 2643 1124 2675 Eteocli
1153 2641 1311 2674 referret.
1354 2641 1492 2683 Tydeus
1507 2642 1654 2676 victoria

235 2700 362 2738 elatus,
386 2697 500 2729 redire
514 2697 663 2738 Thebas,
677 2707 782 2740 seque
797 2698 871 2739 regi
888 2707 928 2730 ac
944 2696 1078 2729 civibus
1094 2694 1321 2728 consternatis
1336 2698 1524 2736 ostentare,
1540 2696 1654 2728 anima

235 2750 463 2795 proponebat.
507 2751 668 2784 Minerva
690 2751 894 2793 flagrantem
920 2751 1060 2788 retinet,
1084 2758 1224 2782 monens
1240 2747 1397 2781 secundis
1413 2747 1449 2780 in
1464 2748 1567 2783 rebus
1582 2747 1654 2783 for-

1808 1882 1820 1933 21*st
1810 1717 1820 1873 mxc-‘Aff-
1817 1659 1820 1661 .
1811 1599 1820 1638 ,με
1814 1564 1820 1581 ..2
1812 1532 1820 1550 1.

1815 2243 1820 2250 ff
1816 2227 1820 2230 .
1813 2182 1820 2186 1
1807 1952 1820 2175 mum-im*
