1820 3068
198 235 285 278 ’764
311 242 313 245 ·
704 249 744 280 P.
778 249 975 280 PAriNu
1006 249 1172 282 s'rA'rn

201 344 231 385 J
236 356 308 385 am
327 343 490 398 trepidi
511 356 609 385 sese
631 347 852 398 quaerunt,
872 347 1216 398 numerantque3
1242 356 1324 386 nec
1343 343 1461 387 idem

203 410 356 453 Caedis
377 424 500 453 amor
516 424 527 463 ;
547 415 804 464 tantamque
820 410 970 452 dolent
986 423 1206 453 rarescere
1222 412 1413 454 turbam.

201 479 322 521 Ecce
343 478 549 525 Chromis
569 478 694 538 Tyrii
714 479 935 520 demissus
952 478 1122 532 'origine
1146 479 1320 530 Cadmi,

199 545 360 600 (Hunc
381 550 508 588 utero
530 545 759 600 quondam
780 545 966 599 Dryope
987 545 1231 588 Phoenissa
1245 550 1424 600 gravato
1478 573 1481 575 —

203 613 359 668 Rapta
377 618 558 668 repente
579 614 742 663 choris,
763 614 999 667 onerisque
1020 614 1174 663 oblita,
1194 614 1391 657 ferebat:

201 681 408 735 Dumque
425 681 558 723 trahit
578 681 753 735 prensis
770 685 950 722 taurum
973 681 1055 722 tibi
1075 682 1283 724 cornibus
1305 682 1446 733 Evan,

206 748 404 790 Procidit
418 749 635 803 impulsus
655 749 805 790 nimiis
827 750 1056 791 conatibus
1076 749 1262 804 infansz)

201 816 327 858 Tunc
344 817 494 858 audax
507 816 689 871 jaculiS,
709 821 755 857 et
775 818 899 870 capti
914 818 1032 870 pelle
1050 818 1205 869 leonis,

204 885 347 926 Pinea
367 884 537 926 nodosa
557 885 804 939 quassabat
822 885 986 925 robora
1006 884 1155 936 clava,

1581 614 1667 656 615

200 1021 233 1042 se
244 1012 355 1052 pavidi
368 1017 526 1053 φιεενανιι,
538 1023 574 1046 ac
586 1016 747 1045 recensent
754 1023 766 1050 ;
781 1022 836 1044 nec
851 1013 956 1044 eadem
966 1016 1015 1045 est
1028 1013 1140 1055 cupido
1155 1013 1271 1051 caedis,-
1286 1017 1318 1046 et
1331 1017 1460 1046 moerent
1472 1017 1594 1047 tantam
1607 1015 1665 1046 mi-

200 1055 257 1085 nui
269 1055 514 1088 multitudinem.
561 1057 643 1087 Ecce
661 1055 818 1095 Chromis,
833 1055 888 1096 qui
903 1056 1034 1088 ducebat
1045 1066 1146 1096 genus
1158 1067 1178 1088 a
1196 1058 1315 1088 Cadmo
1333 1058 1442 1099 Tyrio,
1459 1058 1557 1098 (hunc
1571 1067 1667 1098 quon-

199 1098 274 1128 dam
283 1097 413 1139 Dryope
420 1099 588 1130 Phoenissa
601 1102 727 1130 onerato
739 1101 846 1130 ventre
857 1100 1016 1138 gestabat,
1028 1109 1097 1130 cum
1109 1099 1181 1139 illa,
1191 1100 1467 1140 immemorJoetus,
1481 1101 1582 1132 subito
1594 1109 1667 1140 rap·

201 1143 236 1171 tu
249 1144 296 1171 est
309 1142 351 1172 ad
369 1141 519 1182 Thyasos,
535 1144 567 1173 et
582 1142 655 1173 dum
670 1141 740 1180 tiln',
754 1151 772 1172 ο
789 1141 894 1180 Euan,
909 1145 1017 1181 raptat
1034 1146 1160 1174 taurum
1180 1143 1319 1184 arreptis
1332 1143 1487 1182 cornibus&
1496 1153 1576 1184 puer
1589 1142 1667 1174 labi-

200 1185 254 1214 tur·
269 1183 385 1223 ejectus
399 1184 497 1215 ninnio
512 1185 623 1216 matris
638 1184 745 1224 niem)
767 1187 841 1216 tunc
854 1184 972 1222 ,iaculis
992 1186 1110 1220 audax.
1125 1188 1157 1217 et
1172 1186 1297 1217 exuviis
1310 1185 1396 1226 copti
1411 1186 1520 1224 leonis,
1529 1186 1668 1225 frange·

201 1225 254 1257 bat
267 1228 376 1267 pineus
391 1229 516 1258 truncos
539 1228 656 1259 nodosa
681 1228 783 1267 clava,
803 1226 972 1266 objurgans
982 1237 996 1264 ‚·
1024 1228 1164 1269 Unusne,
1178 1228 1254 1269 viri,
1269 1232 1316 1260 tot
1332 1228 1458 1260 necibus
1472 1229 1668 1269 triumphant

819 1326 1063 1339 ‘NOOONO‘N

200 1405 341 1444 optimae
366 1405 499 1437 Barthii
522 1406 752 1445 membranae3
776 1410 813 1437 et
829 1407 878 1438 sic
905 1406 1057 1447 ejusdem
1085 1406 1220 1437 Barthii
1245 1415 1363 1438 omnes
1380 1406 1436 1437 alii
1453 1405 1554 1438 codd.
1578 1406 1668 1438 Lice·

198 1448 346 1487 phanlem
371 1458 457 1480 unus
485 1449 608 1481 ssehot.
637 1449 860 1490 Licophontem
889 1450 979 1481 aiter
1007 1449 1133 1480 Behot.
1155 1449 1395 1490 Licophrontem
1417 1449 1667 1481 Tanaim—613

203 1491 347 1523 Chr-onus
373 1492 512 1523 Taurin.
539 1496 575 1523 et
602 1491 651 1523 ita
677 1492 711 1522 in
737 1491 849 1523 altero
871 1492 996 1524 Benot.
1019 1502 1040 1523 a
1059 1501 1160 1523 manu
1188 1501 1259 1524 sec.
1282 1501 1360 1523 cum
1385 1491 1478 1532 prius
1502 1492 1667 1532 scriptum

199 1532 324 1566 fuisset
356 1534 525 1570 Chromis:
565 1535 681 1565 Burm.
714 1535 954 1566 Oranus—616
981 1534 1127 1575 Dumque
1155 1535 1240 1574 rapit
1271 1544 1358 1565 uuus
1391 1534 1514 1566 Behot.
1544 1537 1670 1566 taurum

196 1577 324 1617 prensis
340 1582 485 1618 uterque
503 1577 629 1609 Behot.
646 1581 682 1608 et
691 1577 919 1608 Burm.—617
943 1576 1048 1608 Aldd.
1060 1577 1170 1609 Colin.
1183 1578 1316 1618 Gryph.
1333 1583 1369 1608 et
1383 1577 1490 1608 Basii.
1504 1577 1667 1618 impulsis,-

200 1628 319 1651 omnes
349 1620 448 1652 codd.
475 1629 553 1651 cum
578 1621 722 1651 Venett.
739 1622 771 1651 3.
787 1622 819 1651 4.
836 1624 872 1651 et
895 1620 990 1652 Rom.
1017 1620 1286 1660 impulsus-618
1307 1619 1465 1652 Jortinus
1485 1629 1549 1661 pro
1572 1620 1673 1662 capti,·

200 1661 291 1703 qnod
318 1668 510 1704 agnoscunt
539 1663 696 1694 Petrens.
724 1663 809 1694 Exc.
827 1662 973 1694 Cantab.
996 1663 1132 1695 Tauria.
1155 1663 1281 1703 aliique
1307 1661 1408 1694 codd.
1425 1671 1558 1703 omnes,
1573 1663 1670 1694 malit

200 1705 419 1737 ,Μαί-619
443 1706 544 1737 Pinea
568 1706 715 1737 nodosam
738 1705 905 1746 quassabat
926 1705 1037 1737 robora
1060 1707 1181 1737 clavam
1206 1705 1350 1738 'l'anriu⁸
1375 1705 1517 1737 Venett.
1539 1708 1572 1737 3.
1586 1707 1620 1737 4.
1632 1711 1669 1737 et

201 1748 301 1780 Rom.
324 1750 447 1780 nodosae
461 1748 627 1789 quassabat
639 1749 750 1779 robora
763 1748 860 1779 clacoe
882 1748 972 1788 conj.
988 1747 1119 1789 Guyet.
1136 1752 1171 1780 et
1185 1747 1312 1780 Jortin.
1333 1748 1547 1788 approbante
1561 1748 1604 1779 V.
1620 1748 1669 1779 D.

202 1791 235 1822 in
253 1790 358 1823 Obss.
379 1791 480 1823 Misc.
506 1793 621 1822 nodosa
643 1801 674 1831 q.
701 1800 730 1822 r.
755 1792 843 1823 clava
870 1790 1030 1823 Petrens.
1055 1791 1141 1823 Exc.
1163 1791 1310 1823 Cantab.
1335 1790 1454 1823 Burm.
1476 1791 1569 1823 Dan.
1586 1790 1669 1822 Put-

875 1884 1021 1917 NOTAE

200 1950 305 1992 nium]
328 1950 544 1984 Thebanum.

245 2004 308 2034 611
334 2001 585 2043 Numerantque]
608 2001 699 2035 Quia
709 2002 780 2043 jam
792 2000 910 2042 plures

203 2052 322 2092 occisi,
339 2052 509 2094 paucique
525 2051 729 2093 superstites
741 2055 853 2083 erant.

246 2106 311 2136 614
337 2102 515 2144 Phoenissa]
538 2103 617 2143 Vel,
645 2113 689 2135 ex
720 2101 910 2139 Phoenicia,

204 2164 281 2197 quae
315 2164 391 2196 pars
416 2154 525 2195 Syriae
552 2154 712 2195 adjacens
733 2153 910 2184 Phoenicio

203 2205 314 2238 mari:
338 2205 393 2237 vel
416 2204 621 2246 simpliciter
645 2203 816 2238 Thebana,
832 2203 911 2245 quia

203 2258 355 2290 Thebani
370 2262 470 2289 erant
486 2256 621 2289 colonia
637 2255 853 2287 Phoenicum.

246 2311 309 2340 615
337 2308 470 2349 Oneris]
494 2306 656 2343 Infantis.
672 2314 773 2347 quem
789 2305 822 2336 in
835 2309 910 2336 ute-

205 2368 243 2391 ro
263 2358 411 2390 ferebat.
457 2357 615 2390 Infantes
640 2356 732 2389 enim
759 2355 910 2388 nondum

205 2409 282 2441 nati
310 2409 432 2440 ‘onera
449 2406 615 2439 matrum'
642 2406 802 2438 dicuntur
821 2406 909 2438 Nos-

206 2466 275 2500 tro,
291 2465 326 2492 et
338 2460 348 2478 ‘
367 2457 545 2501 pondera‚'
569 2459 675 2490 Coma
691 2457 822 2490 Earini.

249 2514 313 2544 616
337 2511 485 2552 Dumque
506 2509 607 2542 trahit
632 2508 755 2550 prensis
785 2511 912 2540 taurum

207 2563 266 2595 tibi
281 2562 424 2594 cornibus
440 2561 550 2602 Euan]
572 2560 614 2591 In
631 2560 747 2600 orgiis,
761 2558 910 2590 Bacchae

206 2611 323 2644 furore
359 2615 530 2652 correptae
552 2609 654 2642 obvia
683 2618 826 2651 quaeque
841 2608 911 2640 ani-

206 2663 310 2695 maiia
325 2661 576 2701 dilacerabant,
600 2664 640 2692 ut
658 2664 785 2699 tauros,
801 2668 911 2699 ursos,

207 2715 321 2755 lupos,
359 2715 424 2744 &c-
462 2712 724 2752 discen-masque
753 2708 913 2741 ferebant

208 2768 341 2806 partes,
356 2772 439 2805 quas
465 2762 597 2803 ‘spolia
609 2759 832 2793 armentalia·
854 2769 912 2791 vo-

209 2818 264 2846 cat
281 2813 411 2846 Noster
429 2812 537 2846 Theb.
553 2821 605 2844 xv.
654 2810 757 2852 Euan]
780 2810 914 2852 Cogno·

963 1953 1118 1981 mentum
1144 1949 1288 1990 Bacchi,
1318 1953 1357 1981 ut
1384 1948 1533 1981 diximus
1565 1957 1670 1990 supra

964 2010 1012 2032 vs.
1028 2003 1082 2032 ⁷2.

1006 2053 1070 2082 617
1094 2050 1216 2082 Nimiis
1225 2050 1401 2091 conatibus]
1425 2050 1586 2092 Dryopes
1596 2059 1667 2082 ma-

963 2101 1038 2141 tris,
1052 2102 1174 2143 quibus
1190 2101 1350 2133 trahebat
1363 2104 1509 2133 taurum.
1594 2114 1627 2135 ν

1007 2155 1071 2184 618
1098 2152 1182 2184 Tunc
1196 2151 1435 2191 audaxjaculis,
1450 2154 1484 2183 et
1491 2145 1577 2193 capti
1589 2152 1670 2193 pelle

965 2202 1078 2244 leonis]
1115 2202 1269 2234 Imitatio
1309 2202 1499 2243 virgiliana
1530 2201 1608 2235 AEu.
1631 2212 1666 2235 v-

965 2254 976 2271 ‘
990 2252 1161 2285 Horridus
1177 2253 1212 2284 in
1221 2252 1349 2294 jaculis
1361 2257 1398 2284 et
1412 2252 1503 2294 pelle
1516 2251 1669 2294 Libystia

966 2303 1028 2335 dos
1057 2301 1171 2334 ursae.'
1217 2301 1329 2334 Prisci
1360 2300 1496 2333 HeroEs
1520 2302 1668 2342 δερματο·

964 2355 1081 2396 φορεῖν,
1104 2363 1164 2385 seu
1190 2352 1298 2394 pelles
1321 2351 1517 2384 animalium
1533 2355 1669 2394 gestare

965 2404 1077 2436 soliti:
1101 2407 1139 2435 ut
1149 2406 1286 2434 constat
1301 2411 1344 2434 ex
1358 2402 1424 2434 hoe
1439 2401 1577 2444 Virgilii
1593 2402 1669 2435 loeo

963 2461 1000 2488 et
1021 2465 1065 2487 ex
1091 2454 1198 2486 Theb.
1214 2463 1240 2486 r.
1265 2453 1324 2485 ubi
1342 2452 1479 2494 Tydeus
1503 2456 1541 2485 et
1562 2451 1668 2493 Poly-

963 2507 1058 2538 nices
1087 2504 1234 2546 pellibus
1260 2502 1410 2542 fe-rarum
1442 2502 1567 2535 induti.
1622 2503 1670 2535 Et

962 2556 1089 2588 ibidem
1106 2554 1275 2586 Hercules
1299 2553 1424 2595 pellem
1446 2553 1572 2585 Leonis
1597 2553 1669 2586 Ne-

965 2605 1044 2638 maei
1059 2610 1213 2646 gestasse
1227 2604 1354 2637 dictus.
1398 2603 1568 2645 Exempla
1590 2613 1667 2645 pas-

967 2656 1030 2688 sim
1044 2655 1145 2688 obvia
1157 2654 1247 2697 apud
1263 2653 1389 2686 Poetae
1400 2658 1438 2686 et
1451 2653 1656 2695 scriptores.
1668 2655 1671 2674 ³

1008 2709 1073 2738 619
1096 2706 1226 2737 Nodosa
1248 2704 1352 2746 claua]
1372 2703 1427 2736 An
1455 2703 1580 2736 nodosa
1604 2705 1669 2737 cla-

965 2760 1034 2789 voe?
1071 2761 1111 2788 ut
1140 2755 1186 2787 sit
1214 2763 1355 2786 sensus:
1390 2754 1581 2788 Quatiebat
1605 2763 1668 2787 seu

968 2806 1126 2841 vibrabat
1141 2806 1265 2838 molem
1289 2804 1425 2847 pineam
1441 2803 1579 2837 nodosae
1598 2805 1669 2837 cla-⁴
