1820 3068
239 233 326 276 890
775 242 817 275 P.
850 242 1041 275 PAPlNH
1073 243 1237 275 s'rA‘rn

241 338 424 381 Prosilit
443 337 607 380 audaci
624 338 782 380 Martis
796 352 1036 394 percussus
1054 353 1219 390 amore,

240 406 395 458 Arma,
414 408 546 449 tubas
567 407 722 448 audire
741 408 907 459 calens,
929 412 974 450 et
992 408 1176 463 pulvere
1202 408 1306 450 belli

242 474 500 516 Flaventem
520 474 694 515 sordere
717 487 904 526 comam,
927 480 1151 530 captoque
1169 475 1321 517 referri

243 541 410 584 Hostis
432 554 574 596 equo:
606 541 743 583 taedet
760 554 1002 593 nemorum,
1023 542 1288 596 titulumque
1306 545 1535 584 nocentem

242 609 481 662 Sanguinis
500 608 678 649 humani
694 608 838 662 pudor
855 613 925 650 est
939 609 1108 651 nescire
1130 610 1334 663 sagittas.

241 677 403 731 Igneus
423 681 520 719 ante
541 687 696 718 omnes
716 688 828 718 auro
847 676 999 727 micat,
1018 677 1177 729 igneus
1191 681 1326 728 ostro,

241 744 579 799 Undantemque
600 744 745 785 sinum
764 744 895 786 nodis
909 745 1076 798 irrugat
1091 744 1248 796 Iberis,

241 812 423 856 Imbelli
444 825 599 866 parma
618 812 766 866 pictus
785 812 1034 867 Calydonia
1050 812 1206 853 matris

240 880 435 922 Praelia:
467 884 571 921 trux
591 879 708 921 laeva
727 882 858 921 sonat
878 891 1022 929 arcus,
1045 882 1090 920 et
1105 891 1268 932 aspera
1287 879 1454 933 plumis

239 948 399 1002 Terga,
419 946 650 1001 Cydonaea
666 951 842 1002 corytos
858 947 1068 988 arundine
1085 946 1253 1001 pulsat,

240 1014 421 1057 Electro
439 1015 628 1069 pallens,
644 1018 687 1056 et
707 1014 882 1068 iaspide
902 1014 1048 1057 clarus
1070 1014 1180 1056 an-

1618 652 1706 719 265

1619 1013 1706 1058 270

241 1138 314 1171 belli
326 1139 451 1180 ardore,
463 1138 613 1181 flagrans
628 1137 718 1169 tubas
733 1136 855 1178 audire,
876 1141 908 1170 et
931 1137 1084 1179 strepitus
1102 1147 1269 1175 armorum,
1291 1140 1324 1170 et
1338 1137 1443 1179 flavos
1468 1137 1571 1170 crines
1583 1137 1706 1176 soedari

239 1182 445 1214 certaminum
455 1183 595 1223 pulvere,
618 1183 649 1212 et
671 1181 776 1212 revehi
798 1183 887 1221 capto
912 1190 987 1222 equo
1010 1180 1143 1213 inimici.
1189 1181 1331 1212 Fastidit
1353 1190 1490 1221 nemora,
1511 1184 1543 1212 et
1557 1180 1706 1213 erubescit

238 1234 297 1256 sua
312 1226 374 1257 tela
398 1225 544 1264 ignorare
568 1225 729 1255 scelestum
753 1223 900 1254 honorem
924 1222 1019 1264 effusi
1042 1223 1162 1255 cruoris
1185 1223 1325 1255 humani.
1369 1224 1458 1255 Auro
1472 1223 1652 1265 flammeus,
1674 1225 1707 1254 et

238 1277 391 1308 purpura,
411 1277 479 1308 proe
502 1267 576 1298 aliis
590 1266 713 1306 fulget,
735 1270 767 1297 et
786 1266 943 1298 contrahit
959 1267 994 1297 in
1007 1275 1106 1306 rugas
1119 1267 1198 1297 nodo
1214 1266 1388 1307 Hispanico
1402 1266 1556 1297 sinuosum
1571 1266 1706 1306 chlamy-

239 1311 323 1349 dem,
337 1311 451 1348 serens
464 1309 616 1341 imbellem
630 1310 783 1350 clypeum,
804 1309 837 1339 in
853 1319 912 1350 quo
927 1309 1051 1349 depicta
1066 1312 1157 1340 erant
1174 1309 1346 1350 Calydonia
1366 1309 1508 1349 parentis
1521 1308 1703 1340 certamina.

245 1352 408 1384 Tm-ibilis
423 1362 513 1383 arcus
526 1353 568 1383 ad
582 1353 692 1383 loevam
704 1351 851 1392 crepitat,
874 1355 906 1383 et
915 1352 1065 1392 pharetra
1078 1361 1119 1382 ex
1133 1352 1245 1382 electro
1255 1352 1388 1392 pallens,
1403 1354 1433 1382 et
1441 1350 1572 1391 fulgens
1586 1350 1707 1391 iaspide

242 1395 391 1427 orientali
397 1395 482 1435 ferit
496 1394 632 1426 Creticis
642 1394 774 1434 sagittis
787 1397 911 1433 tergum
925 1395 1003 1435 ejus,
1017 1397 1132 1426 tectum
1143 1394 1241 1425 lorica
1254 1393 1391 1434 squamis
1403 1403 1524 1434 aspera.
1555 1393 1707 1425 Excelsa:

855 1466 1034 1479 ‘nonu‘
1037 1466 1095 1479 ΝΟ

243 1534 369 1566 Behot.
382 1537 419 1565 et
434 1534 526 1566 Dan.
561 1534 719 1574 perculsus
730 1542 834 1564 amore
850 1534 969 1575 optimi
994 1533 1074 1566 libri
1099 1532 1281 1565 Barthiani
1304 1535 1341 1564 et
1364 1532 1565 1564 Dan—264
1586 1532 1706 1563 Mark-

243 1577 368 1609 laudus
390 1576 433 1608 ad
459 1577 552 1618 Sylv.
571 1585 628 1608 ιιι.
641 1579 674 1607 2.
690 1579 743 1608 83.
765 1577 943 1609 correxit:
974 1578 1089 1618 pudor,
1119 1580 1151 1608 et
1171 1575 1560 1614 amira-ffisnehot.
1574 1577 1605 1606 1.
1627 1575 1707 1607 lava

244 1623 349 1660 tonat,
379 1625 415 1652 et
443 1629 506 1662 pro
525 1629 554 1651 v.
581 1619 828 1651 Leonam-269
854 1619 988 1651 Cidonia
1003 1620 1129 1652 Behot.
1149 1620 1291 1652 2.-270
1313 1617 1384 1650 Hie
1413 1626 1530 1650 versus
1551 1617 1672 1650 aberat
1685 1627 1706 1649 a

905 1704 1051 1737 NOTAE

242 1766 418 1806 Laconiae,
441 1766 476 1798 in
507 1775 573 1808 quo
604 1766 745 1807 optimae
777 1766 948 1808 pharetrae

193 1837 195 1839 v
243 1817 388 1850 fiebant.

285 1870 350 1900 263
378 1867 575 1909 Τι’έιιῑωπιιυε
599 1872 758 1899 nocentem
778 1867 951 1908 Sanguinis

243 1917 373 1951 humani
411 1919 513 1959 pudor
555 1921 603 1949 est
642 1918 763 1949 nescire
798 1918 951 1959 sagittas]

242 1969 369 2001 Mens:
399 1968 636 2000 Erubescebat
665 1968 951 2009 Parthenop-aeus,

242 2020 334 2062 quod
350 2023 482 2051 tantum
506 2018 641 2059 sagittae
665 2027 736 2050 suae
752 2018 948 2050 occidendis

241 2070 324 2102 feris
340 2069 592 2105 inservierant,
618 2072 655 2100 et
681 2068 771 2109 quod
798 2068 948 2100 nondum

242 2131 366 2154 eruore
417 2121 566 2152 humano
608 2118 749 2151 infectae
795 2118 948 2160 fuerant,

241 2172 400 2214 quodque
416 2171 479 2203 hac
500 2170 706 2203 crudelitate
726 2169 875 2202 noudum
895 2169 948 2202 fu-

240 2227 320 2255 erat
335 2222 472 2255 lionoris
485 2223 623 2254 titulum
641 2221 799 2262 adeptus.

285 2277 349 2306 265
375 2274 509 2316 Igneus]
524 2273 578 2306 An
589 2273 672 2305 belli
682 2272 806 2304 ardore
819 2273 948 2313 calens,

244 2334 289 2357 an
320 2325 355 2356 id
378 2325 490 2366 igneus
513 2323 730 2356 referendum
754 2323 797 2355 ad
820 2328 948 2364 vestes,

243 2385 319 2417 quae
337 2376 495 2407 lucerent
510 2384 594 2407 auro
608 2379 646 2407 et
662 2372 817 2416 purpura
832 2374 844 2404 ?

284 2428 351 2458 266
369 2426 488 2482 Iberis]
524 2425 667 2466 Duplex
692 2424 820 2464 Iberia,
842 2425 950 2456 Euro-

242 2485 321 2517 paea
334 2485 520 2516 una,quarn
534 2483 625 2506 nunc
635 2473 838 2514 Hispaniam
850 2483 951 2505 voca·

244 2535 334 2565 mus,
347 2525 398 2557 sic
414 2525 507 2556 dicta
524 2524 567 2556 ab
588 2523 693 2555 Ibero
708 2522 825 2564 fluvio,
848 2523 951 2555 hodie

245 2576 333 2607 Ebro
343 2585 356 2612 ,⁶
370 2574 526 2606 Asiatica
534 2575 662 2613 altera,
678 2583 786 2615 prope
799 2574 952 2606 Pontum

244 2626 416 2657 Euxinum
444 2625 670 2666 Colchosque,
697 2633 772 2666 quae
788 2633 878 2656 nunc
890 2623 952 2656 eti-

244 2686 298 2708 am
316 2676 422 2708 Iveria
438 2679 592 2707 vocatur.

285 2729 350 2760 26⁷
377 2726 500 2758 Imbelli
523 2725 649 2766 parrona]
685 2725 775 2759 Quia
797 2724 948 2757 noudum

241 2777 333 2811 beno
349 2774 560 2809 interfuerat
574 2775 860 2818 Parthenopaeus,
873 2775 947 2808 nul·

1003 1767 1142 1809 lamque
1169 1766 1355 1808 gloriosum
1373 1765 1509 1800 ‚facinus
1536 1763 1704 1803 ediderat,

1003 1827 1070 1859 quo
1085 1817 1270 1858 insigniret
1285 1817 1458 1858 clypeum,
1475 1819 1515 1847 ut
1530 1824 1603 1846 mos
1619 1817 1709 1847 erat.

1006 1867 1179 1909 Calydonia
1213 1867 1327 1899 matris
1362 1865 1499 1906 Proelia]
1542 1865 1708 1897 Atalanta

1003 1919 1092 1950 enim
1106 1918 1217 1960 prima
1229 1917 1326 1951 feriit
1335 1928 1456 1960 aprum
1467 1916 1706 1958 Calydonium.

1003 1969 1092 2002 Vide
1109 1969 1271 2002 Ovidium
1287 1970 1376 2002 Met.
1396 1978 1477 2001 vm.
1499 1997 1501 2000 .
1703 1982 1707 1986 ·

1046 2022 1111 2051 268
1134 2020 1258 2060 Aspera
1268 2019 1398 2061 plumis]
1421 2018 1463 2051 Id
1479 2022 1543 2059 est,
1556 2017 1706 2060 squamis

1002 2080 1062 2104 seu
1077 2071 1212 2102 laminis
1227 2071 1261 2102 in
1278 2070 1415 2102 modum
1433 2070 1623 2111 plumarum
1637 2068 1706 2100 dis-

1002 2122 1138 2164 positis.
1185 2121 1353 2163 Virgilius
1387 2121 1464 2153 AEo.
1498 2128 1540 2151 n.
1561 2120 1572 2137 ‘
1594 2119 1706 2152 Quem

1003 2173 1100 2214 pellis
1123 2171 1216 2204 aenis
1238 2172 1281 2203 In
1297 2172 1444 2212 plumam
1457 2169 1606 2212 squamis
1620 2177 1705 2200 auro

1002 2227 1162 2255 conserta
1183 2220 1350 2263 tegebat?

1045 2275 1110 2304 269
1136 2272 1251 2311 Terga,
1267 2272 1434 2311 *Cydonoea
1461 2273 1585 2312 corytos
1610 2279 1706 2302 mn-

1003 2322 1075 2354 dine
1087 2321 1209 2364 pulsat]
1232 2321 1380 2353 Paucis:
1405 2320 1576 2353 Phar-etta
1588 2329 1634 2352 ex
1643 2319 1705 2351 hu-

1004 2382 1097 2405 mero
1111 2372 1264 2414 pendeus
1280 2373 1392 2404 latera
1406 2371 1616 2404 diverberat.
1643 2370 1707 2411 Cy-

1004 2424 1129 2465 donaea]
1167 2422 1210 2454 Id
1237 2426 1303 2463 est,
1326 2422 1496 2457 Cretensi,
1522 2430 1543 2452 a
1563 2419 1705 2461 cydone

1005 2475 1120 2506 Cretae
1136 2472 1232 2504 urbe.
1289 2471 1440 2514 Corytos]
1465 2471 1614 2513 Corytus
1627 2478 1706 2510 pro-

1005 2525 1079 2566 prie
1106 2524 1207 2555 theca
1236 2532 1346 2554 arcus·
1389 2521 1544 2553 Sumitur
1575 2524 1612 2552 et
1641 2528 1704 2560 pro

1005 2575 1180 2616 pharetra.

1047 2627 1111 2657 270
1135 2622 1278 2663 Electra]
1302 2622 1489 2661 Electrum,
1504 2629 1637 2661 gemma
1653 2619 1704 2651 ni-

1003 2676 1056 2716 gri
1070 2675 1208 2715 coloris,
1224 2684 1300 2716 quae
1317 2674 1418 2713 vulgo
1441 2673 1451 2689 ‘
1464 2669 1602 2703 ambra'
1618 2669 1704 2702 dici-

1002 2731 1073 2765 tur,
1098 2733 1293 2766 quanquam
1308 2726 1345 2754 et
1359 2721 1475 2753 album
1491 2724 1529 2752 et
1541 2729 1703 2753 croceum

1002 2775 1207 2808 inveniatur.
1254 2773 1317 2805 Est
1332 2771 1437 2805 etiam
1452 2779 1559 2812 genus
1572 2769 1703 2804 metalli
