1820 3068
213 253 301 297 774
720 266 759 297 P.
795 267 987 298 PAPINH
1022 264 1186 299 STATu

214 362 313 404 Nec
335 363 477 416 magis
500 362 704 405 ardentes
727 363 929 415 Mavors,
951 363 1219 420 hastataque
1242 374 1404 420 pugnae

212 429 447 485 Impulerit
469 431 659 472 Bellona
679 432 827 481 tubas,
849 431 952 472 huic
977 445 1124 473 annue
1147 446 1274 475 sacro
1298 447 1309 475 :

212 497 301 539 Seu
324 498 574 539 Pandionio
590 501 765 540 nostras
786 498 975 540 invisere
995 499 1145 541 caedes

213 564 372 607 Monte
393 566 536 617 venis,
558 567 654 608 sive
675 564 828 608 Aonia
847 566 1043 608 devertis
1066 567 1224 609 [thone

212 634 343 676 Laeta
363 634 524 684 choris,
545 646 627 676 seu
648 638 698 675 tu
719 633 892 688 Libyco
911 633 1092 675 Tritone
1113 646 1306 688 repexas

213 701 332 743 Lota
352 714 523 752 comas,
544 714 635 756 qua
654 707 698 742 te
716 700 871 756 bijugo
888 703 1061 742 temone
1080 701 1337 743 frementem

212 769 581 811 Intemeratarum
601 770 787 812 volucer
807 769 924 823 rapit
943 769 1046 810 axis
1062 782 1306 825 equarum:

1597 501 1684 542 ’720

200 883 247 926 fil
262 885 404 922 soevior;
436 895 497 917 non
509 886 580 927 plus
598 887 741 926 Mavors,
756 888 786 917 et
802 886 930 918 hastata
947 885 1081 917 Bellona
1106 885 1250 917 excitant
1265 885 1384 916 animos
1398 885 1599 925 certantium,
1612 896 1682 918 cum

212 926 294 959 tubae
319 931 452 966 suamet,-
479 930 551 960 huic
563 929 642 968 save
664 939 778 960 sacro:
817 938 872 960 seu
893 929 981 960 venis
1002 938 1022 959 a
1044 931 1149 960 monle
1174 928 1365 969 Pandionio,
1398 931 1433 960 ut
1455 929 1562 960 videas
1583 931 1684 961 caedes

211 969 444 1010 quasfecimus,
453 981 506 1003 seu
520 972 662 1021 deflectis
676 972 790 1003 Ithone
808 971 921 1008 Aonia,
934 973 1049 1010 gavisa
1063 971 1294 1010 saltationibus,
1307 981 1363 1002 seu
1376 981 1396 1001 a
1405 971 1520 1012 palude
1537 971 1684 1004 Tritonia

210 1012 350 1055 Africae,
360 1014 476 1047 ablutis
491 1015 603 1047 comtis
618 1015 771 1056 crinibus,
783 1014 838 1046 ubi
853 1018 883 1046 te
894 1014 979 1045 vehit
994 1013 1123 1055 rapidus
1139 1024 1250 1046 curm
1259 1015 1419 1054 virginum
1433 1023 1593 1056 equarum,
1602 1018 1682 1047 stre-

846 1108 1090 1121 ΜΙΟΝΜ

213 1183 290 1207 cum
306 1174 358 1206 lit.
374 1184 394 1205 n
411 1178 447 1206 et
472 1185 492 1206 v
517 1179 586 1207 tam
611 1175 737 1207 similes
761 1175 831 1208 sint
858 1175 892 1207 in
910 1175 1012 1209 codd.
1037 1175 1188 1216 scriptis,
1210 1178 1253 1206 ut
1270 1174 1327 1206 vix
1352 1172 1517 1215 distingui
1539 1178 1680 1215 queant.

211 1218 302 1248 Vide
318 1217 360 1248 ad
377 1217 504 1250 Catull.
520 1227 619 1250 Lxrv.
642 1221 718 1251 288.
733 1221 809 1251 354.
833 1225 869 1250 et
886 1219 929 1250 ad
949 1219 1076 1251 Tibull.
1089 1228 1130 1250 11.
1145 1222 1176 1249 5.
1192 1219 1358 1250 76.-718
1380 1217 1497 1248 Burm.
1519 1218 1684 1248 ardescens

213 1260 358 1292 Mavors.
383 1259 437 1292 Cf.
461 1261 557 1300 Virg.
581 1261 722 1299 AEn.y1.
739 1264 925 1294 165.-72o
949 1262 1046 1293 Unus
1074 1262 1197 1293 Behot.
1219 1262 1318 1292 στᾶσε
1343 1259 1479 1291 invisere
1503 1263 1683 1291 nostras.—

211 1306 275 1335 '121
301 1304 413 1335 „Monte
429 1304 505 1335 velis
520 1304 662 1336 Tauriu.
678 1305 797 1336 Burm.
825 1309 859 1336 et
886 1310 1032 1346 uterque
1049 1304 1175 1335 Behot.
1213 1303 1284 1335 Alii
1299 1302 1432 1334 divertis
1448 1311 1510 1343 pro
1530 1302 1683 1334 devertis.

210 1346 303 1378 Vide
319 1347 409 1378 Dan.
427 1347 608 1379 Heinsium
625 1347 668 1379 ad
686 1347 868 1379 claudian.
885 1358 920 1389 p.
935 1350 1100 1380 34.-724
1124 1347 1383 1379 [tetemet-aeorum
1396 1355 1428 1377 υ.
1444 1354 1474 1377 r.
1489 1357 1520 1377 a.
1536 1354 1682 1386 equorum

882 1438 913 1471 N
921 1437 1025 1470 0¹1*AE

253 1502 318 1533 718
334 1500 480 1542 Mavors]
495 1502 606 1545 Mars,
620 1502 716 1534 Deus
734 1501 814 1534 belli
832 1510 918 1543 praa-

210 1563 278 1586 ses.
325 1554 541 1597 Hastataque]
565 1555 723 1587 Bellonae
738 1556 828 1587 enim
843 1555 917 1587 has-

210 1609 282 1637 tam
299 1604 513 1645 tribuebant,
528 1610 613 1637 utet
628 1606 809 1638 Minervae.

253 1658 318 1688 719
341 1655 491 1696 Bellona]
519 1656 596 1687 Dea
623 1655 805 1695 bellorum,
823 1655 918 1686 Mar-

210 1705 255 1738 tis
273 1715 382 1746 soror,
407 1710 443 1737 et
465 1706 607 1747 auriga:
633 1706 767 1738 Graecis
793 1711 916 1738 vocata

211 1757 329 1797 Enyo:
347 1756 523 1787 veteribus
537 1756 710 1788 Duellona
719 1756 826 1797 dicta,
841 1756 916 1797 qui-

209 1807 274 1839 bus
289 1807 440 1839 duellum
457 1807 560 1838 etiam
574 1807 701 1838 bellum
718 1811 889 1838 vocatum.

252 1860 317 1890 720
340 1856 518 1889 Pandionio
533 1856 661 1898 Monte]
676 1856 843 1897 Intelligit
856 1866 919 1898 per

209 1908 439 1941 Pandioninm
451 1913 604 1940 montem
613 1907 799 1949 Acropolin
810 1907 919 1939 Athe-

209 1959 392 1999 niensium,
413 1958 447 1989 in
463 1968 531 2000 qua
547 1958 705 1990 Minerva
722 1958 847 1990 eximie
862 1968 919 1990 co-

208 2011 358 2043 lebatur.
418 2010 647 2052 Pandioniam]
680 2009 711 2040 A
741 2009 920 2041 Pandione

210 2061 427 2093 Athenarum
476 2070 572 2101 rege.
640 2059 782 2091 Invisere
817 2061 919 2092 coedes

210 2112 324 2143 Monte
359 2110 462 2151 venis]
497 2110 658 2151 Eleganti
693 2110 919 2143 Hellenismo.

209 2163 309 2195 Idem
325 2163 390 2195 Th.
409 2172 445 2195 v.
470 2162 480 2179 ‘
492 2162 556 2194 Cui
574 2162 684 2203 gloria
700 2167 799 2196 tanta
814 2163 919 2195 Veni-

210 2223 286 2245 mus
313 2214 503 2245 innumerae
530 2212 639 2245 fatum
659 2213 790 2245 debere
806 2219 917 2246 cater-

211 2264 288 2296 vae.'
319 2264 396 2296 Lib.
414 2273 483 2296 vn.
528 2264 538 2282 ‘
550 2265 622 2295 Vos
648 2264 752 2296 etiam
778 2265 918 2306 nostris,

211 2315 393 2347 Heliconia
405 2314 515 2356 turba,
525 2314 649 2346 venitis
662 2313 805 2347 Addere
816 2315 918 2347 rebus

210 2364 335 2407 opem.'

252 2418 314 2448 721
332 2414 436 2447 Aonia
450 2415 576 2457 Ithone]
604 2415 726 2447 Ithone
738 2416 819 2449 urbs
835 2417 916 2449 Boe-

209 2468 303 2501 otiae.
347 2467 453 2499 Aonia
469 2467 607 2506 dicitur,
630 2472 669 2499 ut
684 2477 704 2498 a
716 2467 916 2501 Thessalica

208 2519 454 2560 distinguatur,
465 2517 520 2550 cui
536 2527 659 2549 nomen
687 2518 808 2550 Itonus
832 2520 916 2551 Am·

208 2570 404 2612 pltictyonis
421 2568 512 2600 filius
529 2569 641 2608 dedit,
659 2574 696 2600 ut
711 2569 832 2601 scribit
847 2570 914 2602 Ar·

209 2620 365 2653 menidas
389 2620 423 2651 in
436 2619 632 2660 Thebaicis,
645 2630 665 2651 a
680 2629 747 2661 qua
762 2626 799 2652 et
821 2621 830 2638 ‘
844 2621 916 2652 Ito-

209 2671 282 2703 nia'
307 2671 424 2702 Pallas
437 2675 591 2702 vocatur.
638 2671 728 2702 Illud
745 2680 827 2702 vero
848 2680 916 2702 non

209 2720 449 2759 omittendum,
459 2719 549 2761 quod
564 2720 771 2752 Plutarchus
783 2721 816 2752 in
827 2731 917 2753 ama·

210 2770 308 2804 tor-iis
341 2769 610 2810 narrationibus,
645 2775 681 2802 et
708 2771 915 2813 interpretes

210 2820 402 2864 Apollonii,
427 2820 549 2853 Itoniae
567 2820 720 2853 Palladis
737 2821 916 2863 templum,

971 1511 1052 1542 non,
1076 1505 1114 1533 ut
1130 1501 1276 1542 Statius,
1293 1501 1430 1542 Ithone‚
1448 1500 1507 1533 sed
1526 1500 1560 1533 in
1576 1493 1682 1533 'Coro-

970 1562 1034 1584 nea
1051 1552 1196 1584 Boeotiae
1222 1557 1376 1593 ponunt:
1403 1552 1468 1583 nisi
1485 1557 1546 1584 aut
1558 1551 1681 1584 Itlione

970 1605 1065 1636 locus
1089 1605 1124 1636 in
1155 1605 1327 1643 Coronea,
1355 1607 1415 1636 aut
1443 1603 1565 1635 eadem
1600 1603 1681 1635 urbs

972 1654 1090 1687 fuerit.
1139 1655 1266 1687 Ithone
1284 1655 1388 1687 etiam
1403 1653 1484 1686 urbs
1500 1653 1535 1685 in
1550 1654 1682 1696 Epyro,

971 1706 1088 1742 Italia,
1105 1711 1141 1738 et
1159 1705 1281 1747 Lydia.

1014 1760 1079 1788 722
1116 1757 1209 1788 Laeta
1236 1756 1354 1797 choris]
1393 1755 1489 1787 Hinc
1518 1754 1680 1786 discimus

973 1807 1114 1839 choreas
1131 1807 1223 1848 apud
1233 1807 1381 1838 Ithonen
1393 1807 1428 1838 in
1441 1807 1604 1838 honorem
1613 1805 1682 1838 Mi·

974 1868 1089 1890 uervae
1117 1857 1193 1890 fieri
1220 1858 1347 1889 solitas.
1408 1857 1474 1889 Seu
1501 1860 1536 1889 tu
1562 1857 1681 1899 Libyco

977 1908 1106 1941 Tritone
1142 1918 1274 1948 repexas
1309 1907 1393 1939 Lota
1418 1906 1537 1948 comas]
1557 1907 1680 1939 Triton

974 1960 1081 1991 amnis
1092 1957 1223 1990 Africae
1247 1967 1309 1990 seu
1334 1957 1453 1999 Libyae
1474 1955 1680 1988 influens-in

975 2010 1141 2043 Paludem
1165 2009 1368 2041 Tritonida:
1393 2008 1531 2040 undeet
1548 2007 1679 2040 Miner-

974 2071 1027 2093 vae
1064 2070 1256 2102 cognomen
1292 2060 1438 2091 inditum
1469 2062 1537 2099 est,
1565 2058 1680 2101 inquit

972 2114 1083 2153 Mela,
1106 2118 1145 2145 ut
1168 2113 1289 2144 iucolae
1307 2112 1537 2151 arbitrantur,
1551 2109 1598 2142 ibi
1621 2120 1679 2152 ge·

973 2164 1056 2196 nitae
1075 2174 1084 2195 ε
1107 2162 1310 2204 faciuntque
1336 2161 1368 2193 ei
1384 2160 1510 2192 fabnlae
1531 2160 1678 2202 aliquam

970 2215 1089 2255 fidem,
1106 2214 1210 2257 quod,
1235 2223 1337 2255 quem
1351 2213 1502 2244 natalem
1525 2211 1599 2252 ejus
1616 2221 1678 2253 pn-

972 2270 1062 2306 tant‚
1082 2265 1222 2297 ludicris
1251 2264 1419 2305 virginum
1445 2264 1535 2294 inter
1557 2272 1595 2295 se
1617 2262 1679 2294 de·

973 2316 1183 2348 certantium
1200 2314 1392 2346 celebrant.
1438 2313 1549 2344 Erant
1571 2313 1678 2344 etiam

970 2368 1005 2399 in
1033 2365 1210 2398 Thessalia
1237 2369 1274 2396 et
1298 2363 1437 2396 Boeotia
1463 2372 1581 2395 amnes
1611 2363 1678 2395 duo

970 2417 1086 2458 ejusce
1101 2415 1247 2448 nominis
1260 2419 1296 2446 et
1309 2414 1476 2446 Minervas
1489 2414 1590 2446 sacri.
1612 2414 1678 2445 Re·-

967 2477 1066 2510 pexas
1077 2468 1141 2498 lota
1150 2465 1268 2507 comas]
1291 2466 1388 2497 Deos
1406 2465 1546 2496 Deasve
1561 2464 1595 2495 in
1615 2462 1678 2495 flu-

971 2518 1033 2548 viis
1050 2523 1086 2548 et
1102 2516 1254 2548 fontibus
1271 2515 1409 2546 abluere
1425 2524 1463 2546 se
1479 2513 1603 2555 passim
1625 2513 1675 2544 fa-

970 2567 1066 2599 ciunt
1081 2566 1214 2598 Poetae.
1260 2566 1390 2597 Noster
1403 2564 1515 2596 Theb.
1531 2572 1556 2594 1.
1583 2565 1593 2582 ‘
1608 2563 1678 2595 Seu

972 2626 1050 2649 rore
1077 2617 1203 2657 pudico
1219 2615 1380 2647 Castaliae
1395 2613 1504 2646 flavos
1515 2623 1609 2646 umor
1623 2618 1678 2646 est

973 2667 1037 2699 tibi
1054 2675 1208 2706 mergere
1224 2664 1362 2697 crines!

1014 2720 1077 2749 723
1104 2717 1176 2752 Qua
1192 2719 1225 2747 te
1239 2715 1346 2755 biiugo
1366 2717 1484 2746 temone
1487 2713 1679 2752 frementem

971 2768 1237 2801 Intemeratarum
1257 2766 1383 2797 volucer
1397 2764 1483 2805 rapit
1496 2764 1569 2796 axis
1583 2774 1675 2806 equa-

971 2819 1056 2862 rum]
1083 2819 1191 2851 Locus
1214 2816 1340 2849 fabulae
1363 2815 1478 2856 datus,
1501 2815 1593 2859 quod
1609 2814 1675 2848 Mi-
