1820 3068
590 202 874 238 TnnnAtnos
908 204 956 235 nt
967 203 1004 234 Β.
1037 203 1069 234 1.

106 303 237 347 Bella
256 303 418 359 quibus
432 301 634 357 populis,
653 303 820 342 mutent
837 312 939 354 quae
958 303 1138 353 sceptra
1156 296 1375 341 Cometae.

106 369 180 413 Tu
191 371 369 426 Phryga
387 370 628 412 summittis
649 369 857 420 citharae3
877 372 928 408 tu
948 366 1101 408 matn‘s
1120 367 1277 409 honori

106 436 385 493 Terrigeuam
403 438 567 493 Tityon
587 436 757 490 Stygiis
775 434 982 477 extendis
1003 435 1164 476 arenis.

107 506 176 549 Te
194 506 347 549 viridis
363 505 552 560 Python,
570 505 869 557 Thebanaque
886 506 1025 544 mater
1043 506 1248 543 ovantem

108 572 295 615 Horruit
313 573 359 614 in
380 572 622 627 pharetris:
649 571 787 612 ultrix
807 570 889 611 tibi
909 574 1037 612 torva
1055 567 1257 622 Megaera

1474 431 1563 475 ‘710

104 681 253 722 'casseu
274 681 507 723 mamanibus
528 679 674 720 gentibus
696 679 787 713 bellu,
808 673 877 720 quie
900 687 999 717 rega«
1021 681 1143 709 natent
1160 677 1308 709 Cometa.
1355 677 1403 709 Tu
1428 677 1562 719 Phryga

106 725 183 766 ᾖτε
194 727 258 757 taoe
269 725 397 764 salv‘icis
405 735 416 756 .-
438 728 474 756 u
487 723 520 755 ia
529 724 675 755 bonorem
685 722 799 753 nattis
812 721 993 761 exporrigis
1006 721 1040 752 in
1054 730 1171 770 coqu
1184 720 1318 769 insertis
1332 720 1446 770 Tityon
1471 724 1561 752 terra

106 769 219 799 ort-n.
274 766 319 799 Te
340 766 467 809 Python
489 765 615 807 viridis,
644 768 676 797 et
696 773 813 806 pareas
834 762 979 796 ima·-
1003 766 1278 805 exp-mma
1303 764 1563 805 triumphante-0

715 857 955 871 000006000000

157 930 231 959 tat:
252 927 601 959 etherei-iuuenum
620 926 881 968 parentia—we
902 925 1026 958 Behot.
1047 926 1101 966 qni
1121 929 1241 958 ment
1262 929 1385 966 sceptra
1402 926 1562 964 Cometa,-

155 969 243 1001 urin.
360 973 504 1007 nate-u
534 975 715 1010 utrumque
740 974 859 1001 contra
886 969 998 1010 legem
1022 978 1178 1000 caesurae.
1218 968 1408 1001 Nonnulli:
1438 972 1563 1011 sceptu

107 1012 260 1052 Cometes,
274 1016 312 1044 ut
325 1012 422 1044 malit
435 1011 719 1044 Barthius.—·1⁰9
739 1012 875 1043 Tanrin.
890 1017 927 1043 et
952 1012 1073 1043 Burm.
1085 1012 1198 1043 bonore
1207 1022 1220 1049 ,-
1242 1011 1352 1043 ceteri
1366 1010 1468 1043 codd.
1483 1021 1561 1043 eum

106 1054 187 1087 edd.
202 1060 288 1087 vett.
301 1055 422 1094 mori,
448 1055 615 1095 probante
638 1055 901 1086 Bauium—⁷12
923 1054 1008 1086 Cum
1030 1054 1065 1085 in
1086 1054 1254 1086 Gronovii
1274 1053 1460 1086 editionem
1477 1053 1563 1086 vitio

107 1097 323 1138 typothetico
346 1098 552 1138 irrepsisset,
568 1097 739 1137 Megaeroe‚·
761 1097 869 1138 etqui
894 1105 969 1128 earn
985 1097 1166 1128 iteravere.
1210 1096 1369 1128 venetiis
1392 1106 1448 1128 an.
1464 1098 1561 1128 16⁷⁶.

106 1145 144 1171 et
158 1140 380 1179 Veenhnsins,
394 1140 483 1171 inter
496 1140 711 1171 librariorum
727 1139 895 1180 mancipia
908 1148 1032 1171 nomen
1047 1148 1114 1170 non
1131 1138 1296 1179 ignobile,
1306 1139 1460 1180 religioni
1476 1140 1561 1170 dux-

106 1191 165 1214 ere
188 1183 370 1225 quiequam
396 1182 432 1214 in
457 1182 578 1215 melius
609 1187 755 1223 mutare,
775 1181 858 1214 licet
885 1182 921 1214 in
949 1181 1073 1214 erratis
1098 1181 1233 1214 moniti.
1278 1181 1412 1223 Optimi
1436 1181 1563 1214 codicis

759 1265 902 1298 NOTA-2

148 1332 214 1364 *7⁰8
243 1331 376 1364 Mutat
401 1341 471 1372 qna
498 1335 620 1372 sceptra
651 1329 803 1371 Cometa]

106 1380 254 1413 Veteres
268 1380 457 1414 credebant
468 1390 638 1423 nunquam
653 1384 804 1412 cometas

858 1340 928 1363 non
956 1334 994 1364 et
1020 1331 1147 1373 Tityon
1175 1335 1279 1364 terne
1313 1330 1562 1373 omniparentis

858 1380 1030 1412 alumnum
1045 1382 1196 1414 Cernere
1210 1385 1307 1413 erat:
1331 1390 1395 1422 per
1413 1385 1487 1413 tota
1501 1391 1563 1413 no·

107 1432 247 1474 impune
261 1442 449 1474 apparere:
472 1442 513 1465 ac
527 1433 734 1464 denunciare
746 1437 807 1464 ant

107 1487 253 1518 mortem
282 1481 485 1524 principum,
515 1487 575 1514 aut
614 1482 732 1522 bella„
747 1486 807 1514 aut

107 1532 329 1564 mutationem
347 1540 538 1573 regnorum.
579 1531 634 1563 De
653 1531 806 1563 Cometis

109 1581 246 1615 videndi
268 1582 507 1615 Msthematici
533 1591 574 1613 ac
595 1581 795 1622 Philosophi

147 1634 214 1664 ⁷09
234 1631 369 1674 Phryga
381 1632 555 1663 nna-iuis
573 1631 720 1673 eithara]
748 1630 806 1662 In·

107 1681 233 1723 telligit
260 1681 432 1724 Marsyam
456 1681 630 1723 Phrygem
652 1680 807 1722 Hyagni·

107 1731 162 1764 dis
176 1731 327 1764 tibicinis
338 1731 458 1771 filium,
478 1731 539 1773 qui
553 1740 631 1762 cum
646 1730 808 1772 Apolline

108 1783 145 1814 in
158 1787 334 1815 certamen
347 1783 515 1814 musicum
526 1782 734 1813 descendere
750 1791 807 1813 au·

107 1841 167 1865 sus
179 1831 266 1865 fuit:
286 1833 331 1864 ab
345 1842 387 1864 eo
403 1842 486 1864 vero
500 1833 613 1864 victus
626 1835 663 1863 et
673 1831 807 1863 exuviis

108 1882 263 1924 corporis
277 1886 413 1923 exutus,
427 1882 462 1913 in
475 1880 613 1913 fluvium
631 1882 683 1913 sni
698 1881 807 1912 nomi·

106 1930 161 1964 nis
185 1936 337 1964 mutatus
358 1936 424 1965 est.
467 1931 558 1963 vide
573 1931 729 1963 Curtium
744 1931 805 1963 lib.

106 1988 166 2015 ιιι.
209 1981 259 2013 st
274 1982 388 2014 matris
407 1981 516 2012 kosmi
533 1981 736 2022 Terrigenas
748 1982 805 2014 Ti-

106 2033 184 2072 tyon
209 2029 335 2072 Stygiis
361 2031 507 2063 mendis
531 2032 655 2073 arenis]
680 2032 806 2073 Tityus

106 2080 204 2114 Jovis
218 2081 308 2114 filius
327 2091 371 2113 ex
386 2082 487 2113 Elata
501 2081 709 2113 orchomeni
722 2081 808 2123 filia,

108 2140 209 2173 quam
230 2140 253 2163 a
275 2140 316 2163 se
342 2131 517 2173 gravidam
532 2132 672 2173 Jupiter
685 2132 721 2163 in
737 2137 807 2164 ter-

106 2189 179 2212 ram
205 2182 392 2218 occultavit
430 2185 524 2214 metu
559 2182 723 2215 Junonis:
757 2184 806 2216 ibi

107 2229 182 2262 hoec
202 2230 330 2271 Tityon
355 2232 503 2272 peperit,
524 2231 616 2263 unde
635 2233 807 2272 rav-{gem

109 2279 220 2313 dictus
230 2286 295 2313 est.
340 2282 489 2314 Grandis
514 2292 594 2313 vero
613 2283 727 2315 factus
747 2283 804 2315 'ri-

108 2334 188 2371 tyns
203 2329 271 2360 vim
286 2331 426 2362 Latonae
453 2331 579 2363 inferre
603 2342 703 2364 ausus
728 2337 804 2373 est,

107 2379 240 2412 ideirco
252 2379 296 2411 ab
311 2378 471 2420 Apolline
486 2382 621 2421 sagittis
641 2381 707 2414 fuit
723 2392 804 2415 eon·

107 2427 210 2470 fixus,
230 2434 267 2461 et
281 2428 441 2463 detrusus
463 2429 554 2470 apud
569 2430 722 2464 queros:
745 2433 804 2464 nbi

107 2479 143 2511 in
154 2489 294 2521 poeuam
315 2479 463 2512 criminis
479 2489 542 2521 per
553 2490 675 2513 novem
685 2483 809 2524 jugera

108 2529 319 2570 extenditur,
329 2533 366 2561 et
375 2529 569 2577 yisceribus
584 2531 716 2564 effossis
730 2543 807 2574 pas-

106 2579 158 2612 eit
178 2580 360 2618 vulturem,
382 2580 457 2611 aliis
479 2586 689 2623 serpentem,
710 2582 806 2616 fibris

108 2637 244 2671 semper
256 2624 523 2672 renascentibus,
543 2635 583 2663 ut
601 2633 806 2674 supplicium

109 2677 181 2718 eju
203 2682 371 2710 eternum
394 2678 495 2711 soret.
537 2681 707 2722 Virgilius
720 2683 805 2715 mire

109 2728 174 2760 hoe
183 2732 292 2761 totum
302 2730 472 2770 expressit
479 2729 613 2764 AEneid.
624 2741 678 2765 vx.
691 2732 703 2750 ‘
714 2732 806 2765 Nec·

859 1441 935 1463 vem
963 1431 1019 1463 cui
1042 1431 1169 1474 jugera
1195 1440 1319 1473 eorpus
1346 1431 1562 1473 Porrigimr:

860 1485 1041 1523 rostroque
1078 1481 1235 1512 immanis
1272 1481 1390 1512 vultur
1428 1481 1563 1514 adunco

859 1530 1059 1562 Immortale
1077 1531 1182 1571 jecur
1202 1530 1365 1571 tundens,
1385 1528 1563 1562 foecunda-

859 1590 925 1622 que
940 1581 1050 1623 poenis
1059 1581 1226 1613 Viscera:
1242 1590 1308 1613 nec
1318 1580 1414 1612 fibris
1427 1580 1564 1623 requies

859 1629 963 1661 datur
975 1629 1047 1661 ulla
1064 1629 1218 1662 renatis!
1542 1635 1545 1637 ’

902 1681 966 1711 711
991 1679 1036 1711 Te
1053 1679 1169 1711 vividis
1190 1679 1334 1722 Python]
1356 1681 1436 1713 Hoc
1457 1690 1564 1723 snpra

862 1733 1004 1762 enarrat
1040 1729 1165 1762 Poe'ta.
1222 1730 1324 1762 Dicit
1353 1731 1366 1748 ⁴
1393 1730 1566 1772 viridem:

863 1788 966 1820 quem
995 1789 1101 1820 snpra
1135 1779 1146 1797 ‘
1172 1781 1376 1812 coeruleum¹
1410 1781 1564 1813 vocavit.

857 1830 1078 1871 Serpentium
1102 1829 1192 1861 enim
1219 1830 1296 1861 aliae
1318 1830 1447 1862 virides
1468 1836 1562 1872 sunt,

858 1880 936 1911 aliae
950 1880 1110 1912 coeruleae
1122 1889 1135 1912 z
1155 1879 1355 1924 plerumque
1371 1886 1488 1913 tamen
1502 1890 1562 1914 co·

856 1930 966 1962 lorem
997 1934 1113 1970 terra,
1146 1940 1214 1973 qua
1241 1931 1474 1971 occultantur,
1501 1931 1564 1963 ha-

857 1981 954 2014 bent.
1000 1980 1145 2012 flebam
1159 1981 1276 2022 mer]
1291 1982 1465 2023 Designat
1476 1983 1562 2015 Nio-

859 2032 928 2064 ben
952 2032 1089 2063 Tantali
1117 2031 1237 2072 filiam,
1251 2037 1289 2064 et
1313 2042 1457 2065 uxorem
1480 2033 1564 2065 Am·

858 2082 991 2124 phionis
1027 2082 1118 2123 regis
1142 2081 1347 2123 Thebarum,
1380 2092 1457 2124 quae
1482 2092 1563 2115 cum

860 2133 1002 2164 multam
1031 2132 1183 2164 sobolem
1219 2142 1262 2164 ae
1294 2132 1560 2173 pulcherrimam

860 2182 1018 2223 haberet,
1033 2182 1145 2214 animo
1160 2182 1265 2222 elata,
1287 2183 1457 2214 Latonam
1478 2193 1564 2215 con·

860 2237 1027 2272 temnere,
1048 2240 1090 2263 ac
1106 2230 1140 2262 ei
1154 2240 1191 2262 se
1206 2230 1375 2271 praeferre
1404 2240 1472 2263 non
1497 2231 1560 2263 du·

858 2282 986 2314 bitavit
1006 2291 1017 2319 ;
1059 2280 1150 2312 unde
1198 2280 1275 2312 Dea
1316 2281 1407 2313 irata
1444 2291 1562 2313 omnes

859 2332 992 2365 Niobes
1029 2330 1155 2363 liberos
1191 2330 1327 2372 sagittis
1358 2331 1485 2362 Diauae
1525 2335 1564 2363 et

862 2381 1033 2423 Apollinis
1096 2379 1354 2412 interficiendos
1414 2381 1563 2414 curavit.

861 2431 1006 2463 Tzetzes
1020 2439 1099 2472 cap.
1112 2432 1187 2462 141.
1208 2430 1329 2461 scribit
1343 2438 1455 2462 mares
1470 2430 1564 2462 inter

860 2481 1053 2513 venandum
1068 2480 1103 2511 in
1119 2479 1315 2511 Cithaerone
1332 2480 1478 2522 occisos,
1498 2490 1564 2522 pu.

860 2533 943 2564 elias
966 2531 1068 2563 domi.
1109 2529 1201 2561 Vide
1222 2529 1385 2563 Ovidium
1400 2531 1492 2564 Met.
1508 2541 1562 2566 vr.

860 2581 944 2613 Fab.
958 2583 993 2612 4.

901 2634 967 2663 ⁷12
980 2628 1142 2671 Megaera]
1155 2629 1233 2662 Una
1249 2639 1292 2663 ex
1301 2630 1425 2675 Furiis,
1438 2636 1476 2666 ut
1486 2633 1560 2675 jam

859 2681 1022 2714 diximus.
