1820 3068
260 239 349 284 818
760 255 804 286 P.
835 254 1029 286 ΡΑΡιΝιι
1063 249 1230 288 srA'rn

260 348 474 401 Gramen,
497 353 544 391 et
563 354 715 393 erecto
734 364 910 394 currum
932 356 1104 394 temone
1124 353 1349 408 supinant.

259 417 371 460 Nox
392 419 547 470 subiit,
568 432 787 475 curasque
805 419 1049 471 hominum,
1069 426 1305 476 motusque
1325 420 1513 463 ferarum

258 485 543 540 Composuit,
560 488 771 543 nigroque
791 488 927 542 polos
948 489 1142 531 involvit
1164 490 1348 531 amictu.

257 553 346 595 Illa
367 554 545 608 quidem
565 555 754 608 cunctis,
773 556 854 598 sed
874 568 967 597 non
983 556 1063 598 tibi
1081 556 1219 608 mitis,
1238 556 1444 608 Adraste‚

258 621 578 678 Labdacioque
598 623 727 667 duci:
761 637 864 666 nam
884 624 1043 679 Tydea
1060 624 1214 679 largus
1234 625 1428 669 habebat

258 689 495 733 Perfusum
514 705 677 746 magna
693 693 868 735 virtutis
889 693 1082 747 imagine
1102 707 1301 735 somnus.

257 757 316 800 Et
324 759 422 814 jam
442 761 705 815 noctivagas
725 761 843 803 inter
859 761 985 804 Deus
1004 762 1192 816 armiger
1211 762 1394 805 umbras

258 826 468 882 Desuper
489 827 700 871 Arcadiae
721 829 848 880 fines,
872 829 1179 885 Nemeaeaque
1198 843 1314 881 rura,

255 894 603 951 'l'aenariumqne
625 894 854 948 cacumen,
875 897 1229 954 Apollineasque
1247 899 1511 953 Therapnas

252 960 494 1006 Armorum
512 965 678 1007 tonitru
697 965 814 1017 ferit,
835 970 877 1008 et
897 966 1169 1021 trepidantia
1187 966 1323 1009 corda

1616 442 1619 445 ·
1646 422 1735 464 415

1644 762 1730 806 420

250 1095 322 1118 rum
332 1086 507 1123 invertunt,
552 1088 631 1120 Nox
645 1088 742 1128 venit,
756 1091 787 1120 et
797 1088 925 1130 pacavit
937 1088 1151 1122 solicitudines
1165 1089 1336 1131 hominum,
1360 1091 1392 1121 et
1416 1093 1517 1121 motus
1530 1088 1726 1130 aninmlium,

250 1132 284 1160 et
297 1133 368 1160 atro
384 1131 450 1162 velo
464 1132 608 1172 amplexa
618 1135 665 1164 est
677 1133 795 1163 coelum.
828 1133 892 1164 Illa
905 1133 1029 1173 quidem
1042 1133 1167 1174 placida
1180 1132 1332 1169 omnibus,
1346 1133 1398 1165 sed
1412 1142 1475 1164 non
1488 1132 1560 1170 tibi,
1575 1133 1727 1170 Adi-aste,

249 1182 287 1203 ac
298 1173 436 1215 principi
451 1174 607 1206 Thebano.
652 1175 738 1206 Nam
750 1175 923 1215 profundus
936 1185 1027 1216 sopor
1040 1176 1209 1217 occupabat
1223 1177 1364 1217 Tydeum
1370 1176 1497 1216 plenum
1511 1175 1635 1215 ingenti
1655 1185 1725 1216 spe-

248 1214 299 1246 cie
310 1225 377 1247 suoe
383 1216 604 1254 fortitudinis.
648 1218 694 1249 Et
700 1217 880 1257 jamneus
895 1218 967 1250 belli
982 1218 1066 1249 inter
1080 1219 1183 1250 noctis
1198 1218 1342 1251 tenebras
1365 1218 1503 1259 percutit
1528 1217 1649 1259 crepitu
1672 1227 1726 1249 ar-

250 1267 370 1291 morum
385 1260 502 1292 limites
514 1259 677 1303 Arcadiae,
688 1264 719 1292 ee
730 1271 825 1301 agros
840 1261 1015 1303 Nemeoeoe,
1025 1272 1062 1294 ac
1074 1262 1221 1294 verticem
1234 1261 1371 1303 Taenari,
1382 1265 1413 1294 et
1429 1261 1610 1303 Therapnas
1623 1261 1725 1301 Apol.

869 1357 1111 1370 'mmo

247 1415 334 1457 legit
347 1416 437 1449 Dan.
451 1417 617 1449 Heinsius
632 1417 675 1449 ad
691 1417 875 1450 Claudian.
889 1427 925 1459 p.
937 1421 1078 1450 3.-415
1098 1418 1294 1457 Νοωετιόἰίὲ,
1307 1428 1459 1459 curasque
1470 1417 1628 1450 hominum
1643 1417 1725 1453 Put.

248 1459 411 1493 Petrens.
425 1461 565 1492 Taurin.
580 1461 667 1493 Exc.
685 1461 830 1493 Cantab.
848 1461 970 1493 Burm.
997 1466 1034 1494 et
1058 1466 1206 1504 uterque
1229 1462 1355 1494 Behot.
1381 1461 1550 1502 probante
1575 1461 1724 1494 Linden-

246 1501 392 1544 brogi0;
414 1504 480 1536 hoc
497 1509 706 1545 receperunt
718 1505 811 1535 Dan.
839 1504 1001 1536 Heinsius
1024 1505 1058 1536 in
1084 1503 1230 1537 Amstel.
1258 1504 1409 1536 Gronov.
1424 1504 1546 1537 Barth.
1561 1504 1669 1538 Veen.
1686 1511 1724 1538 et

247 1545 376 1587 Delph.
402 1547 480 1578 Nox
493 1547 590 1587 subit,
606 1551 638 1579 et
648 1557 740 1579 curas
754 1547 911 1579 hominum
921 1548 1028 1589 Lang.
1045 1549 1148 1579 Laur.
1166 1547 1319 1588 Lipsian.
1334 1548 1429 1579 Dani
1444 1547 1568 1579 Petav·
1583 1548 1726 1582 Venett.

245 1589 348 1621 Rom.
364 1588 472 1622 Aldd.
486 1590 597 1622 Colin.
616 1590 751 1631 Gryph.
767 1590 877 1622 Basil.
893 1591 1009 1622 Plant.
1025 1590 1171 1622 Gevart.
1186 1590 1421 1631 Lindenbrog.
1445 1595 1482 1622 et
1507 1590 1612 1623 Crnc.
1655 1591 1666 1608 ⁴
1679 1591 1723 1624 In

245 1631 345 1664 libris
362 1633 494 1674 optimo
506 1633 649 1675 aliisque
665 1633 733 1665 alia
746 1643 812 1665 vox
825 1638 891 1675 est,
906 1638 944 1665 ut
960 1643 1100 1666 censeas
1116 1643 1159 1666 ex
1175 1633 1283 1674 magis
1294 1633 1475 1675 peregrina
1484 1631 1591 1665 fuisse
1605 1633 1723 1666 detur-

246 1679 390 1716 patum:
413 1677 567 1718 saltusque
580 1677 746 1716 serarum:
779 1676 860 1708 nihil
887 1675 1115 1709 mutandum!
1138 1677 1259 1708 Barth.
1303 1677 1401 1708 Unus
1424 1676 1549 1708 Behot.
1571 1686 1723 1718 curasque

237 1717 509 1756 ferarum.-—419
532 1720 685 1761 Lipsian.
709 1724 744 1752 et
771 1721 914 1752 Venett.
940 1730 1065 1760 mag-noe
1079 1719 1329 1752 virtutis—420
1351 1719 1518 1752 ‘Rectius
1535 1719 1654 1760 scripti
1669 1731 1722 1752 ar·

246 1760 340 1800 miser
350 1773 364 1799 ‚·
397 1772 475 1794 nam
505 1763 589 1794 illud
617 1762 825 1795 satellitibus
853 1763 1057 1795 vocabulum
1085 1762 1304 1795 attributum.
1349 1762 1425 1794 Lib.
1453 1771 1507 1794 lv.
1542 1763 1552 1780 ‘
1571 1761 1721 1795 armiferi

245 1803 372 1836 Getae!
398 1806 646 1838 Granum-421
672 1805 734 1837 ‘In
766 1805 871 1837 tertia
899 1815 984 1838 voce
1011 1806 1105 1838 dicas
1130 1809 1330 1847 portentum
1354 1804 1489 1846 aliquod
1504 1803 1722 1839 delitescere.

190 1866 193 1868 >
245 1846 418 1888 Scriptum
445 1849 535 1880 enim
562 1848 597 1880 in
623 1848 712 1880 libro
729 1849 856 1880 eximio
872 1853 946 1880 est:
972 1849 1116 1890 Desuper
1131 1850 1267 1881 Arcadie
1283 1847 1384 1880 Sine?
1402 1848 1632 1880 Barth—423
1655 1849 1719 1881 Ar-

243 1900 364 1923 morum
385 1892 509 1925 tonitru
529 1892 645 1932 fremit
661 1892 697 1924 in
711 1892 852 1935 optimis
867 1892 1002 1925 Barthii
1016 1891 1240 1934 membranis,
1264 1901 1340 1924 cum
1363 1895 1459 1929 nota,
1489 1891 1573 1923 alios
1598 1891 1719 1933 legere

914 1989 1058 2022 NOTAE

285 2056 350 2085 415
377 2053 713 2096 Motusqueserarum]
730 2055 841 2087 Scite:
859 2054 951 2097 quod

243 2104 335 2136 enim
358 2104 393 2136 in
416 2105 672 2142 hominevcurae,
695 2110 797 2138 molus
821 2106 951 2138 suntin

243 2154 369 2187 brutis.
392 2155 562 2187 Bar-chius.

284 2209 351 2238 416
374 2205 480 2246 Nigra
496 2205 629 2247 amictu]
654 2205 711 2238 Ob
724 2205 898 2238 tenebras.

286 2259 352 2288 418
374 2256 590 2298 Labdacioque
619 2256 707 2297 duci]
741 2257 904 2298 Polynici
932 2266 952 2288 a

242 2307 406 2339 Labdaco
421 2317 562 2348 proavo.
594 2307 720 2347 Largus
734 2307 866 2339 habebat
875 2317 955 2339 sont·

240 2359 314 2400 nus]
329 2358 514 2399 Virgilius:
532 2362 541 2376 ¹
554 2357 728 2389 Animalia
743 2367 880 2389 somnus
891 2358 952 2390 ha-

240 2410 370 2442 bebat)
413 2410 562 2443 Ovidius
586 2410 677 2441 Met.
700 2419 782 2442 vm.
811 2410 951 2442 ‘Prima

240 2462 338 2503 quies
366 2461 500 2501 aderat,
516 2470 583 2503 qua
598 2460 690 2493 curis
711 2459 804 2492 fessa
818 2460 950 2493 diurnis

240 2511 391 2544 Pectora
408 2521 547 2544 somnus
562 2510 691 2543 habet?

283 2565 348 2595 419
374 2562 543 2602 Per-susum
568 2572 685 2602 magna
713 2561 844 2593 virtutis
868 2561 948 2594 ima-

236 2613 331 2654 gine]
348 2613 567 2655 Occupatam
582 2613 674 2644 enim
689 2613 841 2644 habebat
854 2622 948 2644 men-

240 2669 311 2695 tem
328 2664 476 2705 imagine
493 2673 690 2704 magnarum
716 2672 842 2700 rerum,
862 2672 947 2704 quas

239 2713 373 2745 fecerat
397 2724 406 2745 :
443 2714 534 2746 unde
566 2713 780 2756 gratissimus
810 2722 948 2745 somnus

239 2767 318 2805 post
335 2763 525 2796 victoriam.

283 2815 347 2847 420
374 2814 465 2846 Deus
487 2813 644 2855 armiger]
669 2814 778 2847 Mars.
802 2813 947 2855 scripti,

1006 2053 1148 2093 armifer.
1170 2053 1325 2086 Rectius·
1361 2054 1451 2087 Nam
1462 2053 1601 2094 armiger
1614 2063 1716 2087 voca-

1006 2105 1124 2137 bulum
1137 2105 1355 2137 Satellitibus
1369 2104 1588 2137 attributum.
1608 2103 1717 2137 Theb.

1006 2165 1056 2189 iv.
1080 2157 1090 2174 ‘
1103 2155 1271 2188 Armiferi
1288 2154 1416 2188 Getaess

1048 2208 1112 2238 421
1136 2206 1300 2248 Arcadiae]
1327 2204 1480 2238 Arcadia
1507 2214 1586 2247 pars
1608 2204 1712 2236 Pelo-

1005 2256 1152 2297 ponnesi
1186 2255 1454 2287 mediterranea.
1509 2255 1717 2295 Nemeoeaque

1005 2307 1098 2348 rura]
1120 2307 1254 2340 Nemee
1278 2307 1377 2349 regio
1403 2307 1569 2349 sylvaque
1583 2306 1619 2338 in
1647 2305 1715 2338 Ar-

1005 2358 1117 2390 cadia.

1046 2411 1112 2441 422
1128 2407 1367 2450 Toenariumque
1375 2405 1537 2448 cacumen]
1549 2406 1714 2438 Promon-

1005 2460 1130 2492 torium
1144 2460 1321 2500 Laconiae,
1336 2459 1436 2501 cnjus
1453 2457 1641 2499 descriptio
1656 2457 1713 2489 ha-

1003 2509 1109 2542 betur
1123 2511 1222 2542 initio
1248 2510 1329 2542 libri
1354 2508 1497 2542 secundi
1511 2507 1619 2541 Theb.
1662 2508 1710 2540 A·

998 2561 1211 2603 palliumque
1229 2557 1424 2602 Therapnas]
1443 2558 1536 2592 Urbs
1549 2558 1711 2592 Laeoniae

1001 2612 1208 2653 Therapnae,
1221 2610 1375 2652 Apollini
1386 2619 1494 2642 sacra.

1042 2664 1107 2694 423
1131 2661 1301 2694 Armorum
1330 2659 1451 2692 tonitru
1470 2657 1573 2700 serit]
1605 2658 1709 2691 Silius

1000 2712 1061 2744 lib.
1076 2720 1160 2744 1111.
1183 2711 1390 2743 ‘Armorum
1415 2709 1548 2741 tonitru
1563 2718 1723 2754 coneus--

1000 2773 1038 2795 sa
1064 2768 1119 2796 est
1147 2762 1287 2796 Daunia
1311 2759 1439 2794 tellus-⁹
1485 2760 1649 2793 Ceterum
1671 2759 1708 2792 in

1001 2814 1134 2857 optimo
1170 2813 1290 2847 codice
1326 2812 1494 2854 legitur:

1539 2792 1789 2845 Armorum>-
