1820 3068
205 197 227 238 1
235 195 320 239 088

204 301 316 343 AEra
335 302 531 354 crepant,
553 299 802 355 frustraque
822 301 1003 343 timent:
1034 303 1081 343 at
1098 299 1319 343 Thessala
1338 301 1500 344 victrix

205 369 341 410 Ridet
362 367 617 410 anhelantes
636 368 791 410 audito
813 369 1003 411 carmine
1022 369 1164 422 bigas.

205 435 474 477 Collaudant
495 436 639 477 Danai
657 449 667 478 ε
700 436 779 478 sed
797 449 886 479 non
905 436 988 478 tibi
1009 437 1142 480 molle
1166 438 1328 489 tuenti,

209 502 544 558 Hippomedon,
564 503 789 559 majorque
809 517 966 546 manus
987 508 1187 558 speratur
1203 505 1249 545 in
1270 518 1415 559 aequo.

204 570 356 625 Atque
370 571 439 612 illi
458 571 693 624 extemplo,
713 571 786 612 cui
808 584 914 626 spes
934 571 1165 625 infringere
1186 571 1316 614 dulce

205 637 495 689 Immodicas,
518 638 715 681 Fortuna
730 639 878 682 venit:
910 639 1017 694 quid
1037 640 1219 681 numina
1236 644 1396 682 contra

205 704 410 746 Tendere
429 705 498 747 fas
518 706 719 747 homini?
769 707 974 762 Spatium
988 707 1085 762 jam
1106 707 1300 749 immane
1318 708 1518 762 parabat,

202 772 233 814 J
237 786 308 814 am
328 773 480 814 cervix
500 786 728 825 conversa,
751 774 906 830 etjam
925 774 1042 816 latus
1062 787 1191 815 omne
1213 775 1390 816 redibat
1407 788 1417 817 ε

207 839 390 882 Excidit
409 844 510 882 ante
531 841 670 894 pedes
690 843 893 896 elapsum
915 842 1113 897 ponduS,
1135 845 1182 883 et
1200 842 1318 884 ictus

207 906 440 959 Destituit,
461 907 711 963 frustraque
731 922 910 951 manum
927 908 1099 951 dimisit
1119 908 1309 951 inanem.

698 206 739 236 P.
772 205 964 237 PAl’an
999 205 1171 237 STATu

1575 841 1673 884 695

206 1030 348 1061 metuunt
369 1027 545 1065 incassum
567 1031 602 1059 at
625 1038 721 1059 ovans
747 1029 904 1061 Thessalis
927 1038 1007 1069 saga
1026 1028 1132 1061 illudit
1156 1029 1247 1070 bigae
1260 1029 1368 1062 audito
1381 1031 1476 1060 cantu
1489 1029 1674 1061 laborantes.

205 1071 409 1111 Applaudunt
438 1051 560 1102 Dana’i.
614 1070 682 1102 Sed
705 1072 761 1103 hoc
785 1082 846 1103 non
871 1071 929 1103 tibi
951 1071 1090 1103 cernenti
1113 1072 1233 1112 placuit
1260 1072 1491 1113 Hippomedon,
1512 1075 1543 1103 et
1567 1075 1673 1112 sperat

206 1114 370 1155 Phlegyas
382 1122 415 1143 se
430 1112 530 1152 major
531 1115 542 1144 i
558 1122 667 1144 manus
679 1114 787 1146 robore
807 1114 842 1146 in
863 1115 946 1146 latus
966 1114 1088 1146 discum
1104 1114 1330 1154 ,oculatus-um.
1373 1115 1439 1146 Sed
1453 1115 1607 1154 Fortuna,
1622 1113 1675 1145 cui

202 1158 306 1198 placet
321 1157 541 1187 immoderatas
554 1165 625 1196 spes
638 1158 839 1196 contundere,
853 1157 964 1188 statim
977 1156 1026 1188 illi
1038 1158 1170 1189 adversa
1183 1157 1330 1197 contigit.
1371 1157 1457 1194 Quia
1468 1160 1571 1198 potest
1585 1157 1674 1188 lumw

205 1202 316 1231 contra
330 1199 434 1231 Deos.
427 1202 440 1220 ⁹
459 1199 536 1230 Jam
550 1199 732 1238 accingebat
748 1209 782 1231 se
796 1180 839 1230 ad
852 1199 1129 1231 transmittendam
1152 1200 1266 1239 ingens
1285 1200 1495 1238 intervallum,
1509 1200 1581 1239 jam
1599 1208 1673 1230 con-

205 1245 325 1274 tortum
338 1244 406 1272 erat
421 1242 546 1280 collum,
562 1244 593 1272 et
609 1241 680 1280 jam
695 1245 795 1273 totum
809 1242 1102 1283 latnsflectelmtur.
1148 1243 1252 1274 Moles
1264 1243 1369 1284 elapsa
1382 1244 1423 1273 ad
1435 1224 1529 1282 pedes
1542 1242 1674 1281 excidit,

202 1288 239 1317 et
254 1283 366 1316 irritus
380 1283 449 1322 fuit
472 1286 612 1324 conatus,
635 1287 665 1315 et
689 1285 889 1326 nequicquam
904 1285 1028 1316 laxavit
1041 1294 1170 1316 vacuam
1185 1295 1320 1319 manum.
1363 1285 1540 1317 Doluenmt
1554 1284 1672 1325 cuncti,

817 1377 856 1392 OO
859 1377 1058 1390 0900‘60000

204 1444 313 1476 ——693
335 1443 569 1476 Behott.1.2
589 1443 783 1485 spatiumque
798 1443 942 1478 immane.
943 1446 1052 1476 —696
1074 1444 1164 1476 Dan.
1187 1445 1270 1476 Put.
1286 1444 1410 1477 Petav.
1434 1444 1544 1485 Lang.
1569 1444 1672 1476 Laut.

203 1483 641 1528 Buslid.Lipsian.Aldd.
671 1488 782 1520 Colin.
814 1487 1673 1529 Gryph.Basil.P1aut.Lindenbrog.cmc.et

866 1578 1010 1612 NOTAE

248 1644 314 1674 68⁷
334 1641 488 1684 crepant]
506 1642 589 1680 Pro,
609 1651 752 1684 crepare
768 1641 914 1675 faciunt.

249 1695 314 1725 688
329 1692 524 1725 Anhelantes
537 1693 644 1734 bigas]
659 1694 730 1725 Pro
746 1693 844 1735 bigas
861 1694 913 1734 ip-

204 1740 274 1773 sius
305 1742 495 1775 laborantis
524 1744 628 1775 lunae.
674 1744 797 1785 Bigam
822 1744 912 1775 enim

192 1791 322 1832 'poetae
340 1792 424 1824 dant
438 1793 542 1833 lunae,
559 1798 598 1825 nt
614 1794 687 1835 jam
705 1793 868 1825 diximus.

248 1844 314 1874 689
342 1843 469 1885 Danai]
501 1844 631 1876 Graeci.
676 1844 742 1876 Sed
766 1854 828 1876 non
852 1844 914 1876 tibi

204 1892 299 1924 molle
322 1894 440 1934 tuenti]
469 1893 526 1926 An
547 1899 586 1926 ‘te
612 1895 704 1926 molle
726 1898 852 1926 mente?
876 1894 910 1926 id

205 1948 274 1984 est,
290 1947 325 1975 te
338 1943 444 1975 torvis
461 1944 567 1976 oculis
584 1945 758 1985 intuente,
775 1949 809 1976 te
825 1944 911 1976 invi-

206 1993 323 2026 dente.
339 1994 494 2035 Guyeltw.
520 1994 670 2028 Quidam
681 1994 729 2026 sic
743 1996 911 2038 interpre-

206 2043 348 2076 tandum
373 2049 536 2077 censent:
562 2044 764 2077 Laudarunt
790 2044 913 2084 Danai,

205 2094 269 2127 sed
288 2098 325 2126 et
350 2094 415 2126 hoc
441 2104 509 2126 non
533 2095 648 2135 molle,
665 2104 724 2125 seu
742 2093 911 2125 infirmum

206 2145 271 2178 tibi
288 2145 394 2177 visum
405 2149 472 2185 est,
487 2155 507 2177 ο
522 2144 780 2186 Hippomedon,
791 2154 850 2176 seu
864 2144 911 2175 in-

204 2195 276 2227 fimi
293 2200 329 2227 et
345 2205 532 2237 paucarum
549 2195 672 2227 virium
687 2194 832 2226 hominis
847 2193 911 2225 hoc

205 2246 271 2279 tibi
287 2246 414 2288 paruit.
582 2246 596 2255 ⁵

248 2299 311 2329 691
340 2296 402 2328 Cui
416 2305 486 2336 spes
501 2295 679 2336 infringere
694 2296 783 2327 dulce
797 2295 913 2327 Immo·

205 2347 306 2387 dicax,
329 2347 474 2379 Fortuna
487 2347 589 2388 venit]
613 2346 745 2388 Supple
757 2346 912 2377 adversa.

206 2399 253 2430 Et
269 2398 425 2429 Fortuna
439 2396 495 2428 hie
512 2397 657 2428 sumitur
679 2406 740 2438 pro
758 2395 914 2428 Nemesi.

207 2447 442 2481 erediderunt
457 2447 547 2478 enim
564 2452 700 2480 veteres
715 2456 790 2478 esse
805 2456 911 2488 quan·

207 2498 285 2530 dam
302 2498 447 2530 numinis
462 2497 543 2537 vim,
559 2507 635 2539 quae
658 2497 779 2529 nimias
795 2507 834 2529 ac
850 2497 911 2528 im·

207 2548 359 2580 modicas
388 2548 561 2579 hominum
588 2558 666 2589 spes
694 2546 912 2589 infringeret,

206 2610 248 2631 ac
264 2598 456 2638 coerceret,
470 2604 506 2630 et
522 2600 659 2631 excelsa
677 2609 824 2641 quaeque
851 2598 911 2630 de-

207 2651 396 2692 primeret;
422 2649 522 2682 Φιλέει
543 2650 604 2692 ’γὰρ
619 2651 636 2681 ὁ
661 2649 729 2682 Θεὸς
749 2649 790 2680 τὸ,
805 2648 909 2690 ὑπερέ-

207 2712 312 2741 χοντα
326 2699 467 2733 κωλύειν.
499 2702 597 2734 Amat
611 2703 693 2734 enim
704 2703 794 2733 Deus
807 2702 910 2732 omnia

207 2751 329 2785 excelsa
343 2752 528 2794 deprimere,
541 2757 579 2785 ut
592 2754 639 2786 ait
655 2753 830 2795 eleganter
847 2751 911 2784 Ar-

968 1642 1127 1683 tabanus,
1157 1641 1249 1683 apud
1277 1641 1493 1674 Herodotum
1531 1641 1589 1673 lib.
1619 1650 1670 1674 vr.

966 1693 1120 1734 Eamque
1132 1692 1281 1723 numinis
1294 1692 1360 1723 vim
1375 1691 1488 1732 φθόνον
1503 1691 1672 1724 vocabant

966 1753 1026 1774 seu
1051 1742 1185 1782 νέμεσιν.
1232 1744 1321 1775 Nam
1350 1743 1507 1775 Nemesis
1532 1742 1670 1774 iuvidiae

966 1792 1076 1824 affinis
1088 1797 1155 1833 est,
1169 1802 1311 1835 eamque
1326 1793 1416 1825 inter
1425 1791 1539 1834 φθόνον
1550 1798 1585 1825 et
1600 1805 1673 1834 χαι-

964 1844 1109 1886 ρεκακίαν
1126 1844 1271 1875 mediam
1297 1844 1444 1876 collocat
1460 1843 1670 1876 Aristoteles

966 1895 1045 1927 Eth.
1062 1894 1122 1926 lib.
1138 1903 1179 1926 ιι.
1211 1894 1270 1926 Sic
1284 1894 1413 1930 Graeci,
1429 1903 1506 1926 cum
1522 1894 1669 1936 aliquem

965 1954 1068 1986 supra
1095 1944 1232 1976 modum
1268 1944 1466 1984 laudarent,
1495 1943 1671 1977 addebant

965 1994 1120 2035 εὐτυχεῖς,
1134 1994 1244 2035 φθόνος
1258 1993 1398 2031 ἀπέστω,
1421 1995 1554 2027 secunda
1571 1996 1671 2027 uteris

959 2044 1104 2085 fortuna,
1114 2045 1195 2077 absit
1204 2045 1339 2077 invidia.
1355 2041 1554 2078 Vocabatur
1563 2046 1669 2078 etiam

966 2095 1178 2128 ‘Adrastia'
1201 2096 1245 2128 ab
1278 2095 1428 2127 Adrasto
1458 2099 1587 2135 nostro,
1609 2095 1668 2137 qui

967 2148 1097 2189 primus
1132 2146 1165 2178 ei
1200 2146 1364 2188 templum
1402 2146 1528 2182 erexit,
1564 2150 1669 2187 atque

966 2197 1087 2229 aedem.
1126 2197 1137 2215 ⁴
1159 2195 1391 2228 Rhamnusia’
1427 2196 1531 2228 etiam
1561 2195 1666 2232 dicta,

966 2248 1057 2290 quod
1074 2248 1240 2288 templum
1256 2247 1406 2279 habebat
1423 2247 1457 2278 in
1475 2247 1669 2278 Rhamnun-

967 2303 1002 2330 te
1018 2297 1147 2339 oppido
1162 2297 1306 2330 Atticae.
1350 2298 1398 2329 Et
1413 2297 1491 2329 hinc
1506 2296 1669 2341 discimus

966 2359 1032 2381 non
1056 2348 1185 2380 debere
1204 2347 1375 2379 hominem
1398 2347 1524 2379 viribus
1547 2347 1616 2378 suis
1631 2346 1669 2378 fl-

966 2400 1064 2440 dere,
1081 2403 1118 2431 ut
1143 2397 1230 2431 fecit
1246 2398 1300 2429 hic
1317 2398 1506 2438 Phlegyas,
1520 2396 1580 2428 sed
1598 2405 1667 2428 non

965 2449 1031 2481 nisi
1067 2449 1227 2480 invocato
1262 2457 1422 2489 supremo
1451 2447 1590 2491 numine
1623 2446 1668 2478 ad

966 2499 1110 2542 quodvis
1127 2498 1299 2539 agendum
1315 2496 1461 2539 accingi.

1007 2552 1071 2581 694
1095 2550 1140 2580 Et
1148 2549 1220 2588 jam
1238 2549 1322 2580 latus
1342 2557 1431 2579 omne
1444 2547 1584 2587 redibat]
1606 2545 1667 2578 Ja-

965 2602 1138 2633 culantem
1154 2599 1340 2631 describit:
1367 2599 1478 2631 solent
1493 2597 1582 2629 enim
1597 2595 1667 2627 dis-

965 2661 1008 2683 co
1035 2653 1209 2682 certantes
1237 2653 1346 2681 totum
1372 2656 1495 2688 corpus
1515 2645 1669 2687 flectere,

965 2705 1003 2733 ut
1017 2700 1182 2740 majorem
1198 2700 1365 2740 impetum
1389 2697 1584 2738 imprimant
1601 2696 1668 2728 dis-

965 2762 1018 2792 co,
1032 2750 1232 2793 longiusque
1249 2748 1442 2791 projiciant.
