1820 3068
241 194 327 237 928

242 301 303 343 Et
323 300 491 357 Stygiis
509 301 728 343 mandabo
749 302 875 344 Deis.

744 200 784 236 P.-
818 202 1010 238 PAPan
1043 202 1209 240 S‘rA'rn

937 303 1158 347 Mulcetur
1176 304 1354 347 honoris

243 369 522 419 Muneribus,
544 369 762 424 tingitque
782 383 932 424 genam,
956 371 1111 414 dehinc
1131 372 1242 414 talia
1259 371 1403 414 reddit
1419 381 1451 413 t-

1620 370 1710 414 625

243 435 334 478 Cur
354 436 434 478 tibi
455 436 653 478 versanti
672 449 842 490 maneS,
864 451 1063 493 aequaeve
1084 440 1308 490 sacerdOS,

242 504 407 546 Lectus
428 517 511 559 ego
533 505 754 558 augurio?
787 507 1016 561 tantisque
1037 508 1299 561 potissimus
1319 507 1488 549 umbris

243 570 338 622 Qui
360 575 543 614 ventura
561 572 752 626 loquar?
784 573 898 616 satis
917 578 988 615 est
1005 575 1260 616 meminisse
1278 574 1488 629 priorum.

243 639 469 682 Nostrane
489 639 697 695 praeclari
715 639 926 696 (pudeat)
946 642 1152 684 consulta
1172 646 1365 696 nepotes

241 707 476 750 Poscitis'!
506 707 629 750 illum
649 708 775 750 illum
796 710 935 752 sacris
956 710 1166 752 adhibere
1184 710 1382 760 nefastiS,

244 774 335 826 Qui
355 775 465 816 laeto
486 774 605 816 fodit
625 788 733 817 ense
753 779 940 830 patrem,
959 777 1039 831 qui
1059 783 1201 820 semet
1220 778 1267 819 in
1287 783 1415 820 ortus

241 841 402 892 Vertit,
423 846 469 884 et
488 842 677 896 indignae
697 844 860 896 regerit
875 857 960 886 sua
976 845 1161 899 pignora
1179 843 1320 888 matriss

190 953 193 955 ,
242 909 299 951 Et
317 923 431 952 nunc
451 910 524 953 ille
542 910 685 962 Deos,
707 910 1010 966 furiarumque
1033 917 1131 955 atra
1148 912 1308 966 fatigat

239 1042 272 1072 te
286 1042 416 1072 condam
438 1041 576 1082 quietum
591 1040 624 1072 in
646 1039 794 1081 religiosa
818 1044 916 1082 terra,
937 1044 970 1073 et
994 1042 1209 1075 commendabo
1225 1043 1418 1076 Numinibus
1440 1044 1565 1084 inferis.
1609 1046 1710 1079 Laius

237 1084 386 1124 placatur
404 1084 549 1124 proemiis
571 1084 717 1124 sepulcri,
739 1087 771 1116 et
796 1092 830 1115 os
853 1084 1007 1116 immersit
1033 1086 1067 1117 in
1089 1086 1238 1127 scrobem,
1261 1089 1294 1118 et
1318 1087 1431 1119 deinde
1452 1088 1520 1120 hoec
1537 1090 1709 1129 respomtie.

244 1127 409 1158 Cooetanee
432 1127 576 1165 antistes,
599 1136 655 1157 cur
674 1136 732 1166 ego
747 1130 904 1158 assumtus
918 1137 988 1159 sum
1001 1138 1021 1159 a
1036 1131 1067 1160 te
1082 1129 1296 1162 considerante
1309 1129 1445 1170 umbras,
1467 1134 1504 1163 ut
1525 1141 1584 1172 per
1597 1141 1645 1164 me
1658 1133 1709 1164 di-

241 1170 388 1201 vinar-es?
409 1173 440 1201 et
453 1179 521 1200 sum
535 1169 596 1200 tibi
609 1169 694 1200 visus
709 1170 814 1210 aptior
827 1179 844 1201 e
859 1173 907 1201 tot
922 1170 1078 1211 manibus,
1099 1172 1155 1212 qui
1171 1171 1289 1211 sutura
1313 1172 1415 1204 dicam
1425 1171 1442 1205 :1
1462 1175 1542 1205 satis
1563 1177 1609 1206 est
1620 1175 1708 1215 μνίο-

240 1221 310 1242 rum
324 1213 495 1244 recordari.
528 1211 689 1243 Nostrane
702 1211 825 1253 egregii
839 1216 965 1252 nepotes
977 1213 1131 1255 (pudeat)
1145 1224 1291 1255 responsa
1304 1214 1483 1256 requiritis?
1505 1217 1710 1256 Intimilium·

240 1254 401 1286 admovete
426 1254 589 1286 horrendis
613 1255 725 1295 sacris,
747 1255 800 1295 qui
825 1255 925 1287 alacri
947 1257 1056 1296 gladio
1080 1260 1205 1296 patrem
1229 1258 1407 1300 transfixit,
1429 1262 1462 1291 et
1484 1261 1539 1300 qui
1562 1260 1660 1297 rediit
1673 1261 1711 1292 in

241 1297 340 1328 locum
353 1301 441 1329 ortus
452 1298 516 1339 sui,
527 1301 559 1329 et
573 1307 614 1330 ex
629 1297 761 1329 innoxia
775 1301 876 1330 matre
889 1308 960 1330 suos
972 1299 1066 1341 filios
1074 1301 1211 1339 genuits
1243 1301 1288 1332 Et
1301 1301 1353 1333 Ιιίο
1364 1311 1446 1334 nunc
1460 1301 1547 1334 Deos
1559 1303 1717 1344 lassatstt

870 1404 1068 1417 Onmffm
1073 1406 1111 1419 ‘O

241 1487 272 1514 et
293 1485 519 1523 optata—625
545 1481 555 1499 ‘
569 1480 610 1513 In
635 1481 768 1523 optimo
796 1481 887 1514 libro
902 1483 1081 1525 tinguitque
1105 1484 1271 1525 scriptum
1287 1489 1342 1517 est
1354 1495 1365 1524 ;
1386 1488 1423 1517 et
1430 1485 1540 1526 satur,
1557 1493 1625 1516 non
1638 1486 1709 1517 red-

239 1526 306 1557 dit.-
329 1525 419 1567 quod
435 1524 641 1556 Maroniana
661 1523 852 1557 imitatione
869 1526 1005 1566 placeat
1019 1528 1151 1569 magis3
1175 1527 1300 1569 saepins
1312 1527 1473 1559 cuimine
1489 1526 1563 1559 sic!
1585 1527 1707 1559 Barth.

239 1570 348 1599 -628
369 1569 379 1586 ‘
398 1568 476 1600 Non
499 1568 708 1600 solicitat-em
736 1567 824 1599 hanc
851 1568 1070 1610 scripturam,
1097 1571 1124 1601 si
1151 1571 1239 1602 citra
1252 1570 1416 1611 optimum
1431 1570 1589 1602 codicem
1602 1574 1709 1611 esset,

240 1611 299 1652 qui
323 1614 359 1642 et
380 1611 445 1642 hoc
474 1610 550 1642 loco
579 1610 760 1642 veritatem
789 1610 888 1643 nobis
918 1614 1147 1653 conservavit,
1171 1611 1380 1644 referendo:
1402 1615 1452 1644 nat
1476 1614 1521 1644 sit
1534 1613 1709 1646 meminisse

235 1653 402 1695 priorum?
425 1653 643 1685 Idem—631
670 1653 735 1689 Qui
758 1654 817 1685 leto
845 1654 931 1685 dedit
954 1655 1043 1687 Dan.
1072 1656 1155 1687 Put.
1180 1656 1305 1687 Petav.
1330 1665 1416 1687 nnus
1444 1655 1567 1687 Behot.
1597 1656 1706 1696 Lang.

240 1697 343 1731 Laut.
365 1696 498 1728 Buslid.
523 1695 676 1737 Lipsian.
692 1697 837 1728 Venett.
858 1697 956 1730 Rom.
981 1697 1087 1731 Aldd.
1103 1698 1213 1731 Colin.
1230 1698 1364 1740 Gryph.
1379 1697 1488 1730 Basil.
1504 1697 1621 1730 Plant.
1636 1698 1709 1730 Ge·
1775 1695 1777 1698 ’

240 1744 330 1770 var-t.
344 1737 576 1779 Lindenbrog.
588 1738 693 1770 Cruc.
707 1738 867 1771 Grasser.
881 1740 947 1776 Qun·
958 1740 1017 1772 leto
1021 1740 1110 1779 fodit
1124 1741 1154 1772 al
1161 1747 1213 1772 ter
1230 1741 1352 1773 Behot.
1367 1750 1454 1772 unus
1470 1740 1705 1782 Lindenbrog.

241 1782 307 1818 Qui
329 1782 402 1813 laeto
410 1781 501 1820 fodit
515 1781 665 1824 optimus
681 1782 912 1821 Barthianus3
930 1787 967 1815 et
982 1783 1032 1815 sic
1047 1783 1127 1816 edd.
1139 1783 1282 1816 Amstel.
1297 1783 1449 1815 Gronov.
1462 1783 1583 1815 Barth.
1594 1783 1706 1815 Veen.

903 1868 935 1900 N
942 1867 1047 1901 0⁷1*AE

282 1935 346 1965 624
368 1932 525 1975 Honoris]
548 1932 755 1975 Sepulturae.

281 1986 346 2015 627
376 1983 501 2024 Tantis]
533 1983 604 2015 Pro
634 1987 698 2015 tot.
744 1981 947 2023 potissimus]

238 2034 489 2075 Supplendum,
511 2034 521 2052 ‘
533 2033 666 2066 lectus’
689 2032 750 2064 ἀπὸ
764 2033 819 2064 τοῦ
833 2033 946 2074 κοινοῦ,

239 2085 295 2116 vel
323 2089 333 2102 ‘
345 2084 458 2117 visus!

289 2137 354 2166 628
397 2134 486 2166 Satis
515 2137 562 2166 ese
592 2134 768 2166 meminisse
792 2133 943 2175 priorum.

240 2186 410 2226 Nostram,
432 2185 502 2227 ‹ij-a]
523 2185 566 2217 Id
584 2189 649 2221 est,
667 2185 747 2226 quid
763 2194 818 2216 me
832 2184 946 2216 futura

239 2236 357 2267 dicere
374 2235 510 2276 cogitis,
523 2245 599 2266 cum
614 2236 729 2276 priora
743 2240 781 2267 et
796 2245 946 2276 praesen-

240 2287 301 2326 tia,
313 2287 346 2317 id
362 2286 550 2327 est,caedes
561 2295 637 2317 mea
649 2290 686 2317 et
696 2286 837 2317 incestae
849 2285 945 2317 OEdi—

242 2337 275 2378 pi
299 2336 429 2377 nuptiae
457 2346 515 2368 vos
531 2336 613 2367 satis
629 2336 799 2367 instruere
818 2334 946 2367 debue-

239 2392 330 2426 runt,
345 2396 405 2418 seu
422 2396 466 2417 ex
491 2386 533 2418 iis
556 2385 659 2418 facile
674 2386 872 2426 conjectura
887 2395 946 2416 au-

239 2437 356 2479 gurari
387 2436 561 2477 potuistis,
596 2436 678 2467 nihil
708 2435 788 2467 boni
818 2436 853 2467 in
882 2436 947 2467 hoc

239 2490 329 2522 bello
356 2488 562 2530 sperandum
588 2488 684 2520 vobis
700 2497 741 2519 ac
757 2492 946 2530 expectan-

240 2539 319 2571 dum
335 2548 422 2571 esse.

281 2592 347 2621 630
371 2589 466 2619 Illum
494 2588 598 2630 illum]
638 2586 803 2628 OEdipum
834 2586 946 2628 desig-

239 2645 311 2672 nat.
348 2638 611 2671 Sacrisodhibere
625 2636 775 2677 nefastis]
799 2631 946 2678 OEdipus

241 2689 426 2731 pari-icida,
439 2693 476 2721 et
497 2688 555 2731 qui
571 2688 703 2720 incesto
716 2685 849 2729 flagitio
867 2696 944 2727 pro-

240 2739 348 2780 priam
364 2743 509 2771 mati-em
527 2739 662 2781 polluit,
677 2738 791 2780 potior
810 2737 875 2770 erit
890 2746 947 2768 va-

1003 1939 1056 1966 tes
1068 1944 1169 1976 quam
1182 1943 1267 1974 ego:
1290 1942 1374 1974 ergo
1387 1931 1480 1963 illum
1493 1931 1601 1963 sacris
1612 1931 1706 1964 bisce

1002 1983 1176 2016 adhibete.
1202 1983 1313 2015 Sacris
1323 1981 1470 2021 nefastis]
1495 1982 1706 2013 Nem-oman-

1001 2033 1084 2064 tiam
1103 2037 1203 2065 vocat
1223 2033 1392 2064 ‘scelesta
1407 2030 1527 2063 sacra!

1043 2085 1105 2114 631
1130 2082 1234 2114 Semet
1245 2083 1280 2114 in
1293 2085 1381 2113 ortus
1397 2080 1514 2117 Vertit,
1527 2080 1597 2123 ξω]
1614 2080 1706 2112 Invi-

1001 2132 1097 2166 diose
1112 2134 1147 2165 in
1163 2133 1340 2175 OEdipum,
1361 2132 1443 2174 qnia
1463 2136 1607 2163 matrem
1623 2141 1706 2164 uxo-

999 2193 1070 2216 rem
1088 2184 1244 2216 duxerat.
1270 2182 1378 2215 Theb.
1394 2191 1419 2214 ι.
1441 2181 1510 2214 ‘Et
1524 2181 1706 2214 immeritae

999 2235 1167 2275 gremium
1182 2234 1350 2266 incestare
1366 2232 1522 2274 parentis
1537 2233 1708 2274 Appefiit,

1002 2286 1160 2327 proprios
1196 2289 1351 2316 monstro
1385 2282 1561 2315 revolutus
1587 2283 1621 2314 in
1650 2291 1704 2315 οι·-

1002 2335 1082 2368 tus:

1043 2387 1108 2417 632
1123 2385 1190 2417 Sua
1200 2382 1354 2426 pig-nora]
1369 2382 1412 2414 Id
1428 2385 1495 2420 est,
1510 2382 1570 2424 qui
1585 2382 1706 2423 genuit

1000 2434 1088 2467 filios
1104 2444 1147 2466 ex
1168 2434 1308 2476 propria
1322 2437 1443 2465 matre.
1488 2433 1621 2465 Seneca
1645 2433 1706 2465 OE-

1000 2485 1095 2527 dipo,
1118 2490 1187 2517 act.
1212 2493 1271 2518 ιιι.
1296 2493 1346 2516 sc.
1372 2484 1405 2515 1.
1449 2483 1557 2524 ‘Egit
1582 2482 1640 2524 qni
1667 2482 1703 2513 in

1000 2542 1095 2568 ortus
1118 2539 1240 2576 semet,
1268 2538 1304 2566 et
1325 2533 1429 2566 matri
1448 2533 1572 2574 impios
1587 2531 1706 2563 Foetns

998 2586 1168 2628 regessit!

1042 2639 1105 2668 633
1129 2637 1175 2668 Et
1188 2645 1270 2668 nunc
1284 2635 1337 2668 iue
1351 2635 1451 2675 Deos,
1463 2631 1532 2674 ξω]
1559 2631 1637 2664 Hoc
1654 2620 1715 2663 vi?

1000 2687 1110 2720 dimus
1126 2686 1188 2719 lib.
1206 2696 1232 2719 1.

1798 1860 1820 2089 ‘sema—amun
1804 1802 1820 1846 ,aar
1817 1788 1820 1789 ,
1812 1771 1820 1775 r
