1820 3068
186 1824 189 1826 ·
246 1811 378 1844 inerrat
407 1812 540 1845 Arion.’

237 202 351 244 1048

742 218 783 246 P.
817 217 1008 250 PAPlNU

1043 219 1208 253 STATH

239 309 343 350 Hac
355 295 555 360 redeunt,
576 315 838 368 raptumque
859 315 951 356 suis
970 315 1162 359 libamen
1177 318 1236 360 ab
1257 319 1391 361 armis

238 375 442 431 Quisque
454 377 584 432 jacit,
604 392 686 421 seu
707 379 846 429 sraena
864 382 988 433 libet,
1009 397 1089 425 seu
1111 385 1288 439 cingula
1306 387 1498 431 flammis

1607 361 1702 435 '225

239 444 458 498 Mergere,
477 459 553 487 seu
565 447 784 501 Jaculum‚
806 461 990 492 summae
1011 463 1095 492 seu-
1112 453 1304 494 cassidis
1324 456 1536 500 umbram.

239 511 389 553 Multa
407 517 584 566 gemunt
603 521 760 557 contra
779 518 928 559 raucis
948 521 1241 562 concentibus
1263 522 1373 575 agri,

239 578 299 621 Et
317 580 442 622 lituis
464 594 595 623 aures
616 584 781 625 circum
803 585 1035 639 pulsantur
1055 588 1213 630 acutis.

238 646 442 689 Terretur
462 649 659 691 clamore
676 664 856 693 nemus:
888 654 955 695 sic
977 654 1146 697 Martia
1166 656 1333 700 vellunt
1357 658 1361 662 ”

240 714 378 768 Signa
398 716 538 767 tubae,
561 718 754 759 nondum
773 719 838 760 ira
857 721 987 772 calet,
1007 735 1090 764 nec
1113 725 1328 778 sanguine
1348 726 1510 770 sermm

1615 731 1702 774 230

186 824 195 832 ,
240 781 454 835 Irrubuit‚
476 784 618 838 primo
638 786 849 828 bellorum
872 790 1063 831 comitur
1082 791 1161 833 illo

240 848 421 901 Vultus,
442 851 622 894 honoris
641 867 780 908 opus:
811 861 905 898 stat
924 857 1068 900 adhuc
1090 858 1283 903 incertus
1302 860 1349 902 in
1369 862 1461 905 alta

235 968 368 1010 ‘quisque
382 971 486 1011 injicit
499 982 611 1004 munus
623 974 764 1005 avulsum
777 974 842 1006 suis
855 977 964 1017 armis,
987 987 1040 1010 seu
1061 979 1163 1018 placet
1178 979 1212 1011 in
1226 977 1331 1019 ignem
1346 981 1470 1013 mittere
1482 982 1628 1023 habenas,
1649 990 1705 1013 teu

239 1009 369 1054 balteos,
389 1024 443 1046 seu
465 1015 601 1053 hastam,
624 1025 680 1047 seu
704 1017 819 1048 cristas
841 1027 993 1059 supremoe
1014 1022 1125 1060 guleae.
1168 1022 1201 1053 E
1214 1027 1323 1055 contra
1336 1025 1437 1065 campi
1451 1026 1538 1056 valde
1551 1025 1704 1058 renuant

239 1055 346 1086 raucis
359 1058 568 1097 concentibus,
583 1062 615 1089 et
629 1069 722 1091 aures
735 1061 869 1101 undique
882 1062 1092 1094 obtunduntur
1105 1065 1230 1104 argutis
1243 1066 1347 1098 tubis:
1368 1067 1456 1108 syloa
1468 1068 1615 1109 clangore
1633 1075 1706 1109 per-

239 1097 373 1131 eellitur.
418 1100 471 1132 Sic
485 1101 568 1132 tuboe
582 1103 756 1134 extrahunt
769 1102 878 1135 bellica
891 1105 1022 1146 vexilla,
1044 1108 1178 1138 nondum
1191 1107 1288 1146 furor
1301 1110 1404 1146 ardet,
1426 1120 1480 1142 nec
1494 1120 1583 1143 arma
1596 1118 1706 1142 cruore

238 1139 420 1180 tinguntur,
436 1143 540 1182 socies
554 1144 626 1176 beni
639 1147 815 1177 adornatur
839 1147 895 1178 hoc
916 1148 1017 1188 primo
1040 1150 1169 1182 virtutis
1193 1160 1295 1192 opere.
1339 1152 1434 1184 Mars
1457 1157 1505 1185 est
1528 1154 1564 1186 in
1585 1153 1706 1186 excelsa

855 1233 993 1246 ‘eecce‘

996 1235 1092 1247 antee

241 1292 365 1324 Beirot.
389 1293 493 1326 Aldd.
521 1295 631 1327 Colin.
662 1296 798 1338 Gryph.
826 1297 933 1329 Basil.
960 1298 1078 1331 Plant.
1104 1301 1265 1333 Grasser.
1297 1301 1442 1334 Gevart.
1472 1302 1707 1346 Lindeubrog.

244 1335 348 1368 Cruc.
364 1342 401 1369 et
427 1337 571 1371 Arnstel.
597 1340 708 1371 dextro
720 1350 802 1381 gyro
811 1351 822 1377 ;
846 1340 971 1372 Petav.
999 1342 1086 1374 alter
1114 1343 1237 1376 Behot.
1254 1348 1291 1375 et
1305 1345 1449 1378 Venett.
1473 1346 1582 1378 dextri
1602 1356 1707 1387 ἕψω·

244 1379 336 1420 quod
352 1389 395 1411 ex
411 1380 512 1412 codd.
527 1382 595 1412 suis
621 1384 773 1423 reposuit
798 1383 1000 1416 Gronovius.
1016 1388 1047 1416 et
1062 1386 1235 1418 velantibus
1259 1387 1359 1419 hastis
1382 1388 1474 1420 Dan.
1487 1388 1572 1420 Pur.
1584 1389 1708 1421 Pom.

244 1421 477 1464 Lindenbrog.
509 1429 544 1455 et
573 1424 783 1456 Cruc.--22-4
817 1426 1091 1468 Lindenbrogiun
1119 1438 1162 1460 ex
1192 1428 1294 1461 codd.
1317 1430 1386 1462 suis
1416 1429 1525 1463 edidit
1550 1431 1709 1468 velamem·

245 1465 350 1495 ceteri
366 1465 443 1497 libri
459 1471 494 1497 et
509 1467 628 1508 scripti
652 1473 687 1498 et
702 1469 787 1499 editi
804 1469 948 1501 libamen.
973 1470 1055 1502 Pur.
1079 1470 1118 1502 ab
1142 1471 1346 1503 arvia—225
1373 1472 1604 1514 Quisquesucit
1625 1473 1708 1506 Put.

243 1509 350 1538 —227
375 1508 444 1540 Hic
460 1514 496 1541 et
521 1518 581 1541 sex
597 1516 779 1552 sequentes
797 1521 912 1543 versus
930 1513 1054 1544 desunt
1070 1513 1104 1545 in
1120 1514 1259 1547 Beliott.
1283 1518 1314 1547 l.
1330 1518 1362 1547 2.
1379 1515 1465 1549 Dan.
1483 1515 1565 1548 Put.
1583 1517 1707 1550 Petav-

907 1601 939 1632 N
944 1600 1048 1633 0¹1*AE

286 1661 350 1691 223
374 1659 495 1693 Dextri
517 1661 661 1704 [dextro]
682 1663 780 1706 gyro]
812 1664 947 1705 Optimi

246 1710 403 1743 codices:
427 1713 535 1744 dextri
560 1722 656 1755 gyro.
700 1713 799 1745 Infra
826 1715 948 1746 eadem

246 1771 331 1803 voce
360 1762 469 1794 utitur
497 1763 687 1805 Papinius:
722 1764 948 1808 ‘Dexterque

594 1815 640 1846 Et
672 1814 773 1846 Silius
800 1815 856 1847 lib.
885 1825 950 1848 vu.

246 1861 255 1878 ‘
269 1861 371 1894 Nunc
387 1863 493 1895 laevus
510 1864 543 1895 in
561 1865 694 1905 orbem,
710 1865 812 1898 Nunc
829 1865 952 1899 dexter

244 1911 409 1945 brevibus
422 1912 512 1946 flexo
527 1925 590 1955 per
606 1915 707 1948 devia
724 1916 832 1958 gyris,
849 1918 951 1949 Ludi-

248 1962 373 1996 ficams
389 1965 502 2007 equo.’
528 1966 670 1998 Gronov.

290 2018 354 2047 224
382 2016 579 2057 Raptumque
591 2019 657 2049 suis
682 2018 815 2051 libamen
839 2020 877 2051 ab
899 2031 950 2052 ar·

249 2066 309 2097 mis
336 2066 477 2107 Quisque
497 2066 597 2108 jao-it]
622 2067 668 2099 Et
695 2068 759 2100 hoc
786 2079 828 2101 ex
856 2080 951 2102 more

247 2115 364 2148 etiam.
409 2115 574 2158 Virgilius
590 2117 725 2150 AEneid.
738 2127 790 2150 xr.
811 2120 821 2136 ‘
836 2119 954 2163 Couji-

249 2167 346 2198 ciunt
371 2167 441 2209 igni
456 2168 583 2208 galeas,
599 2177 770 2210 ensesque
794 2170 951 2209 decoros,

248 2218 452 2261 Fraenaque‚
466 2218 707 2262 ferventesque
724 2220 841 2252 rotas.’
861 2222 951 2254 Vide

249 2274 285 2301 et
301 2269 502 2302 Suetonium
518 2269 624 2311 Julio,
646 2280 750 2312 supra
775 2271 951 2304 laudatum

248 2330 297 2353 vs.
315 2323 389 2352 120.

290 2374 356 2403 226
377 2370 516 2403 Summe
546 2382 603 2404 seu
635 2372 766 2404 cassidis
799 2372 956 2414 umbram]

249 2421 466 2463 Periphrasis
498 2423 697 2455 cristarum:
722 2423 836 2456 cristae
864 2425 954 2457 enim

251 2471 450 2505 inumbrant
463 2473 644 2505 cassidem.

295 2525 359 2554 227
385 2524 492 2555 Multa
505 2527 646 2564 gemunt,
661 2524 732 2566 qa]
763 2526 902 2566 Septem
919 2526 954 2558 lii

252 2579 434 2616 sequentes
459 2585 575 2606 versus
604 2575 714 2617 inepti
744 2575 905 2608 videntur
920 2580 956 2608 et

251 2623 449 2665 adulterini,
472 2635 578 2667 quare
599 2629 636 2657 et
661 2625 797 2658 diverso
813 2626 955 2659 charac-

250 2679 325 2706 tere
340 2676 497 2716 impressi
514 2677 546 2708 in
562 2675 715 2708 editione
733 2676 933 2709 Parisiensi.

293 2727 359 2756 229
381 2726 435 2757 Sic
451 2727 575 2758 Martia
588 2727 703 2759 vellunt
727 2727 829 2768 Signa
857 2727 956 2768 tubae]

257 2776 420 2819 Virgilius
450 2777 524 2810 AEn.
540 2786 592 2809 xr.
613 2777 623 2795 ⁸
636 2778 703 2810 Ubi
720 2778 868 2820 primum
885 2778 955 2811 vel-

1004 1666 1081 1706 lere·
1107 1665 1203 1707 signa
1228 1665 1424 1699 Annuerint
1454 1665 1617 1710 Superi-fl
1651 1665 1707 1698 Ad

1004 1707 1104 1757 quem
1118 1717 1232 1748 locum
1247 1717 1297 1748 sic
1311 1716 1449 1749 Servius
1463 1728 1471 1747 :
1493 1719 1503 1735 ‘
1515 1717 1526 1734 ⁴
1541 1715 1684 1749 Vellere
1697 1716 1707 1730 '

1006 1770 1119 1797 autem
1150 1766 1290 1808 proprie
1318 1766 1418 1806 dixit,
1449 1766 1530 1808 quia
1554 1766 1707 1799 Romana

1007 1817 1103 1858 signa
1130 1817 1324 1858 figebantur
1346 1818 1381 1849 iu
1405 1816 1547 1850 castris:
1570 1820 1607 1849 et
1631 1827 1709 1850 cum

1009 1868 1052 1899 ad
1070 1868 1197 1899 bellum
1220 1868 1369 1899 eundum
1399 1866 1534 1908 fuisset,
1559 1867 1710 1910 captatis

1008 1918 1160 1959 auguriis
1175 1918 1411 1950 avellebantur
1426 1927 1446 1949 e
1467 1922 1571 1950 terra.
1615 1917 1706 1949 Nam

1004 1969 1091 2010 alibi
1115 1978 1155 2001 ea
1177 1968 1236 2010 figi
1260 1978 1327 2000 non
1353 1968 1505 2001 licebat:
1529 1967 1590 2000 sed
1617 1967 1710 1999 inter

1006 2020 1148 2061 auguria
1162 2021 1227 2051 hoc
1242 2020 1344 2051 etiam
1357 2018 1563 2059 habebatur,
1577 2017 1604 2049 si
1619 2018 1712 2050 avel-

1005 2071 1133 2102 lentem
1156 2069 1258 2101 facile
1281 2072 1536 2112 sequerentur;
1559 2068 1646 2101 adeo
1669 2073 1710 2101 ut

1007 2131 1083 2153 cum
1099 2120 1182 2161 filio,
1215 2120 1365 2152 Horodis
1382 2120 1486 2160 bello,
1505 2120 1651 2154 Crassus
1664 2119 1710 2152 sit

1008 2171 1156 2212 occisus,
1169 2172 1228 2214 qui
1243 2171 1352 2213 iturus
1363 2170 1408 2202 ad
1424 2169 1603 2202 Parthiam
1618 2170 1711 2202 avel-

1008 2222 1079 2253 lere
1108 2222 1202 2262 signa
1228 2221 1285 2251 vix
1315 2220 1442 2262 potnit.
1487 2219 1589 2253 Quod
1605 2219 1711 2252 etiam

1006 2271 1171 2303 Flaminio
1186 2270 1348 2312 contigit,
1372 2270 1431 2312 qui
1448 2279 1524 2302 cnm
1546 2269 1712 2311 imperas-

1007 2327 1060 2354 set
1069 2321 1167 2363 signa
1179 2321 1267 2361 tolli,
1281 2329 1389 2362 eaque
1404 2329 1471 2352 non
1488 2325 1628 2361 possent
1641 2329 1711 2352 mo-

1009 2372 1094 2413 veri,
1108 2371 1232 2404 effosso
1255 2371 1342 2411 solo,
1367 2371 1404 2402 in
1420 2379 1486 2412 quo
1509 2374 1609 2402 erant
1630 2369 1712 2411 fixa,

1010 2424 1043 2455 vi
1059 2433 1182 2464 magna
1197 2422 1332 2454 extrahi
1346 2421 1584 2465 praecepit2et
1598 2420 1712 2453 infeli-

1007 2473 1093 2506 citer
1117 2472 1209 2514 apud
1231 2472 1505 2513 Thrasymenum
1532 2471 1712 2515 pugnavit.

1008 2524 1077 2556 Alii
1093 2526 1103 2542 ‘
1115 2522 1268 2564 vellere‚'
1282 2531 1421 2554 movere
1433 2521 1620 2562 accipiunt.
1641 2521 1711 2552 En-

1009 2575 1102 2606 nius:
1127 2574 1136 2591 ‘
1155 2574 1228 2604 Rex
1245 2572 1371 2604 deinde
1386 2572 1514 2604 citatus
1538 2570 1714 2603 convenit

1005 2623 1107 2657 sese!
1143 2625 1189 2656 Et
1201 2624 1235 2654 in
1247 2623 1354 2655 sacris
1367 2620 1514 2654 convelli
1525 2629 1644 2652 mensa
1660 2620 1710 2652 di-

1010 2675 1111 2711 citur,
1127 2683 1203 2705 cnm
1221 2671 1380 2705 tollitur?

1053 2729 1114 2758 231
1131 2725 1242 2757 Primo
1257 2723 1403 2755 benorum
1416 2721 1551 2754 conatur
1564 2721 1619 2752 illo
1636 2721 1713 2754 Vul-

1010 2781 1072 2815 tus,
1087 2775 1211 2808 honor-is
1226 2773 1318 2816 opus]
1340 2772 1382 2804 Id
1397 2776 1466 2813 est,
1482 2772 1592 2814 primo
1606 2781 1712 2815 opere

1813 1207 1820 1239 ,Α
1810 1023 1820 1194 2u.-⁴..n—-’-e-..
1813 923 1820 1014 ...mm-..m
1816 909 1820 911 .
1818 886 1820 890 .
1813 802 1820 837 ιώ.

1815 1415 1820 1443 ..⁴
1807 1261 1820 1399 ‚1h.=.m,s

1806 1715 1820 2230 .x*.³.·:Q-sm;·fie.r.÷.n-m>-n
1810 1631 1820 1683 Ην-
1812 1570 1820 1614 ..a-,1
1813 1513 1820 1559 s...
1814 1462 1820 1492 „5-
