1820 3068
239 252 328 297 822

242 359 462 404 Difficiles
484 358 664 414 populi:
695 358 833 401 dubio
854 360 1075 402 sententia
1090 361 1289 406 tandem,

241 427 353 469 Sera
374 427 539 482 placet,
559 430 710 468 vatum
730 431 923 478 mentes,
942 428 997 469 ac
1017 428 1210 482 provida
1231 429 1322 471 veri

240 496 385 538 Sacra
402 509 580 538 movere
603 496 764 539 Deum.
813 495 962 538 Solers
982 497 1068 538 tibi
1089 510 1194 538 cura
1216 498 1368 547 futuri,

240 563 535 618 Amphiarae,
557 564 702 616 datur,
718 564 947 619 juxtaque
967 563 1254 620 Amythaone
1273 570 1440 613 cretus,

239 630 271 674 J
276 645 349 674 am
368 632 530 683 senior,
553 632 636 674 sed
654 636 798 674 mente
819 632 968 675 virens
982 632 1265 687 Phoeboque,
1281 631 1544 687 Melampus

240 698 463 742 Associat
481 713 670 754 passus:
701 701 886 743 dubium
908 701 984 743 cui
1003 701 1159 743 dexter
1177 700 1364 758 Apollo,

243 766 425 821 Oraque
446 767 658 823 Cyrrhaea
679 769 856 811 satiarit
873 768 1045 823 largius
1065 761 1199 812 unda.

241 834 477 890 Principio
499 836 622 879 fibris
641 837 954 892 pecudumque
974 837 1021 878 in
1041 837 1256 891 sauguine
1279 835 1423 878 Divos

741 265 784 295 P.
817 263 1008 295 ΡΑΡιΝιι
1042 256 1224 297 STA'l'n'

1630 430 1717 472 450

1629 769 1718 811 455

238 958 403 998 pugnandi
430 959 600 1000 voluptate.
655 959 791 991 Tandem
823 959 854 992 ei
889 958 1024 1000 ancipiti
1058 959 1205 991 ultimum
1236 959 1359 992 arridet
1384 960 1548 992 consilium
1576 958 1720 990 tentandi

241 1002 362 1032 annuos
383 1011 551 1043 augurum,
572 1006 604 1033 et
624 1002 807 1034 consulendi
832 1003 918 1034 Deos
938 1002 1048 1041 sacris,
1062 1013 1130 1044 quoe
1151 1012 1257 1034 verum
1276 1003 1504 1043 prenuntiant.
1549 1001 1721 1042 Ingenium,

241 1051 319 1074 cura
335 1045 459 1075 venturi
474 1044 534 1075 tibi
548 1046 767 1084 committitur,
781 1045 988 1086 Amphiarao,
1010 1049 1041 1077 et
1066 1046 1245 1086 Melampus
1259 1047 1457 1088 Amythaone
1471 1045 1634 1085 oriundus,
1646 1045 1719 1083 jam

242 1096 311 1117 oevo
323 1087 470 1126 grandis,
483 1088 537 1119 sed
550 1088 654 1119 animo
669 1092 809 1129 vegetus,
829 1092 860 1120 et
879 1088 994 1120 Phoebo
1007 1089 1132 1129 plenus,
1147 1089 1234 1120 illum
1249 1090 1430 1121 comitatur.
1453 1088 1647 1128 Ambiguum
1660 1090 1719 1127 est,

243 1129 296 1160 oui
311 1130 423 1171 Apollo
449 1131 552 1170 magis
568 1131 706 1171 faverit,
726 1135 783 1162 aut
807 1132 895 1171 cujus
919 1141 973 1162 ora
988 1132 1202 1163 abundantius
1214 1133 1444 1163 exeatur-averit
1459 1142 1541 1173 aqua
1557 1130 1719 1172 Cyrrhoea.

245 1171 346 1205 Initio
361 1175 527 1205 consulunt
539 1174 670 1205 numina
683 1175 718 1206 in
740 1174 838 1215 extis,
862 1178 894 1206 et
919 1184 1026 1206 cruore
1044 1175 1209 1216 pecudum.
1251 1175 1330 1207 Jam
1344 1178 1411 1207 tum
1425 1177 1531 1207 ovium
1545 1175 1719 1206 comuma-

867 1270 1105 1283 eeeeeeeeee

246 1326 356 1356 —452
378 1325 475 1356 Unus
501 1325 624 1357 Behot.
637 1324 786 1367 justaque
809 1325 1009 1368 Amythaone
1031 1329 1147 1358 cretus.
1190 1325 1200 1343 ‘
1218 1325 1259 1358 In
1275 1325 1513 1368 manuscripto
1529 1336 1596 1358 uno
1612 1326 1718 1359 mino-

246 1377 323 1399 rum
339 1368 493 1408 gentium
510 1368 655 1409 legitur:
680 1369 869 1401 Aminthore
893 1374 1019 1401 cretus.-
1041 1368 1186 1409 inepte!
1210 1370 1439 1401 Barim—454
1463 1369 1617 1410 Optimae
1634 1371 1720 1402 Bar-

247 1411 312 1442 thii
328 1410 554 1442 membranae:
578 1412 725 1443 Amciat
745 1422 886 1452 passum.
930 1413 1028 1443 Unus
1056 1413 1180 1444 Behot.
1201 1422 1315 1452 pronus
1330 1411 1561 1453 Apollo—455
1589 1413 1720 1445 Omnia-

246 1464 306 1496 que
320 1455 464 1496 cyr-rma
477 1454 612 1486 sociaret
638 1455 672 1486 in
696 1455 808 1487 altero
831 1455 957 1487 Behot.
985 1465 1090 1496 porro
1114 1454 1153 1486 τὸ
1172 1465 1230 1496 que
1254 1460 1467 1497 expunctum
1482 1454 1719 1493 sacratu—45⁷

909 1553 1056 1587 No'rAE

291 1620 357 1650 448
381 1617 543 1659 Flectique
567 1628 648 1651 nova
667 1619 831 1651 dulcedine
841 1629 959 1661 pugnoe
1017 1619 1181 1661 purgavit
1198 1622 1299 1661 atque
1315 1619 1472 1651 curavit:
1495 1622 1532 1651 et
1546 1619 1581 1651 in
1591 1627 1721 1652 merce-

250 1671 408 1714 Dg‘fficiles
430 1671 556 1713 populi]
585 1671 674 1704 Nam
691 1682 798 1713 supra
826 1672 955 1713 ‘trepi-

248 1721 369 1753 dantia
384 1722 492 1754 corda
503 1721 513 1736 ’
529 1722 736 1763 impleverat
751 1722 761 1740 ‘
774 1732 890 1754 amore
905 1722 958 1753 sni

247 1772 371 1805 Mars.’

292 1826 356 1855 451
382 1823 481 1856 Sdera
511 1834 633 1856 movere
662 1825 783 1866 Deum]
809 1824 958 1856 Veteres

201 1876 203 1878 '
248 1873 400 1914 religiosi
415 1875 510 1915 nihil,
529 1875 620 1906 domi
644 1885 702 1906 seu
723 1874 820 1915 foris,
836 1874 959 1906 militia

249 1935 310 1958 seu
339 1936 437 1967 pace,
466 1925 717 1967 suscipiebant,
749 1925 840 1967 quod
869 1928 960 1956 esset

252 1978 395 2020 alicujus
432 1977 611 2018 momenti,
638 1977 703 2008 nisi
741 1976 836 2018 prius
863 1977 961 2008 Deos

250 2029 484 2068 consulerent,
519 2032 579 2059 aut
594 2026 759 2067 oraculis,
791 2026 964 2068 auspiciis,

251 2088 293 2111 ac
309 2078 399 2110 extis
415 2078 645 2118 victimarum,
669 2082 730 2109 aut
745 2077 810 2109 alio
826 2076 962 2108 demum

251 2129 368 2167 modo,
393 2139 461 2170 quo
487 2134 637 2160 mentem
658 2138 753 2159 suam
768 2127 964 2159 hominibus

248 2178 453 2221 patefacere
479 2178 681 2211 credebant.
725 2178 818 2211 Hinc
842 2188 963 2210 oracu-

248 2231 296 2269 la,
311 2230 474 2271 auspicia,
492 2234 528 2261 et
539 2234 621 2261 exta
636 2229 863 2262 victimarum.
879 2230 963 2261 Pro-

249 2282 323 2314 vida
337 2281 421 2322 teri]
444 2282 535 2315 Quia
560 2281 612 2313 his
638 2278 822 2313 veritatem
847 2290 962 2312 rerum

250 2332 443 2365 suturarum
453 2333 619 2373 detegere
629 2337 765 2364 veteres
779 2332 962 2373 putabant.

251 2384 427 2423 Homerus
443 2395 450 2414 :
474 2382 578 2414 Ἀλλὰ
592 2384 700 2424 πρῶτα
719 2384 795 2415 θεῶν
816 2381 962 2424 εἰρώμεθα

251 2434 383 2472 βούλας.
427 2434 493 2466 Sed
505 2435 596 2475 prius
609 2434 806 2465 consulamus
826 2436 960 2465 mentem

252 2487 410 2518 Deorum.

295 2540 360 2569 452
383 2536 591 2578 Amphiarae]
617 2535 843 2577 Amphiaraus
867 2536 958 2568 cele-

252 2588 422 2621 berrimus
439 2594 535 2619 vates
547 2587 742 2627 Thebanus,
754 2587 797 2618 de
808 2587 958 2629 quojam

254 2639 382 2681 saepins
396 2638 559 2676 diximus,
573 2643 609 2670 et
623 2638 776 2670 dicemus
794 2643 928 2679 postea.

295 2692 360 2721 453
375 2687 566 2729 Melampus]
582 2688 720 2719 Nobilis
730 2686 963 2728 augur-,Amy-

255 2740 391 2773 thaonis
406 2743 442 2771 et
459 2739 617 2771 Idotheae
633 2738 735 2776 filius,
756 2738 881 2770 clau-uit
904 2744 963 2769 aii-¹

256 2791 370 2832 gur-io,
387 2795 424 2822 et
440 2794 514 2822 arte
533 2789 681 2822 medica.
727 2789 793 2820 Ille
810 2787 890 2829 fuit,
903 2788 961 2829 qui

256 2841 369 2875 Proeu
385 2841 557 2884 Argorum
579 2840 670 2881 regis
697 2838 852 2872 furentes
877 2838 964 2871 filias

1017 1673 1108 1712 dem,
1140 1672 1281 1704 tertiam
1308 1672 1406 1713 regni
1436 1671 1557 1713 Argivi
1586 1676 1721 1713 partem

1016 1723 1095 1764 sibi,
1108 1723 1272 1765 fratrique
1290 1723 1406 1755 Bianti
1421 1723 1567 1754 alterum
1586 1726 1721 1754 tantum

1014 1775 1088 1815 agri
1119 1773 1281 1805 obtinuit.
1325 1772 1399 1814 Ipsi
1428 1773 1560 1814 templa
1592 1776 1724 1814 erecta,

1014 1824 1176 1865 festaque
1199 1824 1365 1864 solennia,
1387 1827 1425 1855 et
1442 1823 1723 1856 sacrificiainsti-

1015 1879 1093 1907 tuta
1120 1873 1228 1906 fuisse
1255 1873 1366 1906 refert
1392 1874 1583 1906 Pausanias
1611 1873 1673 1907 lib.
1695 1883 1722 1906 1.

1015 1924 1217 1958 Herodotus
1242 1923 1366 1956 scribit
1391 1933 1470 1956 eum
1501 1924 1660 1956 intulisse
1685 1924 1721 1956 in

1017 1975 1191 2007 Graeciam
1208 1975 1340 2007 cultum
1355 1978 1392 2007 et
1413 1975 1508 2016 orgia
1525 1975 1639 2006 Liberi
1654 1975 1723 2007 Pa-

1019 2026 1092 2058 tris.
1138 2025 1229 2057 Vide
1245 2026 1349 2057 etiarn
1365 2025 1570 2058 Strabonem
1589 2025 1650 2058 lib.
1667 2034 1721 2058 lx.

1020 2077 1125 2109 Hunc
1152 2076 1268 2108 subito
1297 2080 1411 2108 vatem
1441 2075 1574 2108 factum
1603 2079 1723 2108 narrat

1018 2128 1249 2170 Apollodorus
1259 2126 1322 2159 lib.
1334 2136 1359 2160 ι.
1367 2127 1608 2169 Bibliothecae,
1618 2136 1723 2169 quem

1017 2178 1109 2211 vide.

1060 2231 1123 2260 455
1151 2228 1305 2270 Cyrrhoea
1327 2227 1428 2269 mida]
1451 2228 1524 2260 Per
1540 2228 1725 2271 Cyrrhoeam

1016 2280 1132 2312 undam
1148 2279 1312 2319 intelligit
1325 2277 1441 2310 forsan
1456 2277 1586 2310 fontem
1601 2278 1726 2311 Casta-

1015 2330 1111 2368 lium,
1137 2329 1235 2370 cujus
1264 2338 1360 2371 aquae
1376 2327 1533 2360 fatidicae
1548 2332 1664 2368 erant,
1685 2333 1724 2360 et

1015 2385 1118 2413 vocat
1137 2381 1324 2422 Cyrrhoeam
1343 2381 1470 2418 undem
1483 2381 1564 2422 quia.
1579 2380 1725 2422 Cyn-rba,

1014 2432 1072 2464 ubi
1099 2436 1175 2463 erat
1205 2432 1307 2463 etiam
1337 2431 1512 2463 oraculum
1541 2430 1725 2472 Apollinis,

1013 2491 1081 2514 non
1098 2482 1218 2522 procul
1235 2481 1298 2512 hoc
1314 2479 1410 2512 fonte.
1422 2481 1490 2512 sita
1504 2485 1594 2512 erat.

1056 2535 1121 2564 456
1156 2531 1282 2572 Fibris]
1306 2531 1415 2563 Fibra·
1428 2531 1484 2563 bic
1505 2532 1723 2573 propi-iesu-

1019 2588 1159 2616 muntur
1174 2593 1238 2625 pro
1254 2582 1420 2614 extremis
1434 2582 1577 2623 jecoris,
1593 2581 1725 2621 cordis,

1019 2639 1056 2668 et
1071 2634 1238 2676 cujusque
1254 2633 1398 2665 visceris
1415 2632 1584 2673 partibus,
1599 2631 1724 2674 quibus

1018 2684 1185 2727 inspeetis
1215 2682 1419 2724 haruspices
1431 2680 1564 2714 ‘futura
1591 2681 1724 2714 divina-

1017 2736 1115 2768 bant.
1160 2733 1426 2775 Haruspicinam
1447 2732 1619 2765 invenisse
1640 2732 1728 2764 Del-¹

1019 2786 1122 2828 plnum
1153 2785 1276 2818 scribit
1302 2783 1436 2815 Plinius
1462 2782 1522 2815 lib.
1547 2791 1614 2815 vn.
1644 2791 1724 2824 cap.

1019 2839 1074 2870 ⁶6.
1098 2835 1280 2869 Hetruscis
1295 2835 1378 2867 vero
1390 2834 1621 2877 haruspicium
1628 2833 1725 2877 prin»
1743 2850 1746 2853 ·
