1820 3068
0 1894 6 1907 ”
0 1700 17 1883 W'Q‘&T³⁷¹
0 1638 5 1648 '

0 1388 9 1422 ψ
0 743 38 1327 ww-wmwflss-*W'W*
15 726 18 727 Ἰ

577 209 862 241 ΤΗΕΒΑῙΒΟὸ
899 209 995 241 MR.
1030 209 1098 240 lv·

1488 194 1573 237 857

107 307 305 360 Longius
321 306 385 348 ire
405 305 539 356 diem,
558 318 660 348 cum
681 306 824 348 fracta
843 306 1124 360 impulsaque
1141 304 1247 346 satis

106 373 327 425 Consilia,
340 378 386 416 et
399 373 575 416 tandem
594 373 769 415 miseris
790 373 897 415 data
915 373 1048 427 copia
1062 372 1184 414 belli.

105 441 261 484 Prima
278 453 412 483 mauu
430 439 605 483 rutilam
624 440 680 482 de
699 440 863 482 vertice
888 439 1110 482 Larissaeo
1544 439 1574 479 5

107 507 317 550 Ostendit
334 507 519 550 Bellona
536 507 695 559 facem,
716 507 963 562 dextraque
982 506 1198 549 trabalem

108 575 302 619 Hastam
319 575 491 619 intorsit
510 588 671 630 agens:
702 575 874 631 liquido
894 588 998 630 quae
1021 574 1211 617 stridula
1229 574 1348 617 coelo

106 696 189 738 din,
208 705 278 730 eun
292 706 379 729 mens
392 695 527 730 Adrasti

697 706 719 728 α
733 699 781 729 eri*
794 699 824 728 et
838 700 910 728 acta
923 695 1021 735 satir,
1043 699 1074 728 et
1092 695 1218 728 tandem
1228 693 1381 737 permissu
1396 694 1575 733 infelicibus

107 739 244 772 bellandi
271 739 426 779 factiuns.
469 740 568 772 Prior·
592 740 726 772 Bellona
746 749 840 771 manu
853 738 1041 770 monstravit
1062 740 1101 770 de
1116 739 1255 777 fastigio
1269 738 1352 770 arcis
1366 738 1506 770 Larissa»
1519 748 1573 770 ar-

105 783 229 816 dentem
242 784 370 824 ledan,
385 786 417 815 et
431 783 545 815 dextra
558 783 719 825 impellens
725 781 870 822 ,iaculata
884 786 932 814 est
946 782 1107 822 ingentem
1121 782 1243 814 hastam
1254 793 1264 813 .-
1279 791 1349 823 quoe
1362 782 1447 813 volat
1461 791 1573 814 sonan-

719 871 895 885 OONOOOOO
900 870 959 884 ‘O'

107 938 196 980 eopia
207 937 302 977 bellu
323 937 435 971 ceteri
463 936 564 971 codd.
588 937 711 980 scripti
737 941 773 970 et
799 936 879 970 edd.
910 944 1051 969 omnes:
1074 934 1198 968 miseris
1224 936 1301 968 data
1328 935 1417 978 copia
1438 935 1567 969 belli.—

765 1020 907 1056 NOTAE

109 1087 146 1119 in
169 1087 361 1126 Thebaide.
388 1088 479 1131 apud
511 1097 612 1131 quem
641 1087 811 1121 Jocnta:

110 1138 264 1171 ‘Bruma
289 1143 344 1172 ter
366 1140 481 1182 posuit
503 1139 612 1179 nives,
640 1139 685 1170 Et
708 1138 813 1170 tertia

104 1190 179 1231 jam
206 1189 298 1222 falce
325 1189 493 1222 decubuit
522 1190 640 1228 Ceres,
665 1189 719 1221 Ex
744 1198 812 1231 quo

109 1239 190 1272 exul
225 1245 320 1273 errat
349 1245 464 1282 natus,
496 1244 533 1272 et
561 1239 674 1281 patria
701 1244 811 1280 caret,

109 1289 352 1334 Profugusque
377 1301 494 1333 regum
520 1291 649 1323 auxilia
670 1290 814 1323 Graeco·

109 1350 185 1374 rum
201 1341 368 1375 invocat!

155 1393 176 1423 3
198 1391 341 1432 Longius
367 1392 415 1423 ire
440 1391 540 1432 diem]
571 1391 690 1423 Verno
722 1390 813 1423 enim

110 1447 266 1483 tempore
281 1451 358 1473 cnm
386 1442 445 1474 Sol
470 1441 562 1474 redit
584 1441 627 1474 ad
651 1451 725 1482 nos,
740 1442 814 1474 dies

110 1491 218 1533 magia
231 1501 274 1524 ac
289 1492 398 1533 magis
410 1496 581 1524 crescunt.
630 1492 745 1524 Fracta
755 1492 814 1523 im-

110 1542 258 1582 pulnaque
270 1541 357 1580 satis
383 1541 540 1582 Consilia]
565 1541 709 1574 Adrasti
724 1541 814 1574 scili-

111 1595 180 1624 cet.
238 1591 328 1623 Nam
358 1591 455 1623 initio
485 1590 653 1624 Adrastus
685 1591 813 1624 bellum

111 1641 263 1682 nolebat,
285 1641 345 1673 sed
369 1641 450 1684 quia
473 1641 508 1673 id
538 1642 702 1674 volebant
726 1642 812 1684 fata,

112 1691 251 1724 tandem
266 1692 342 1733 ejus
357 1691 487 1724 animus
502 1697 719 1734 expugnatus
733 1692 813 1733 fnit,

113 1746 150 1773 et
166 1741 342 1783 impulsus·
625 1768 634 1771 >
710 1737 716 1743 ’

155 1795 178 1825 4
202 1792 301 1834 eopia
314 1792 401 1834 belli]
426 1792 539 1825 Valde
561 1793 652 1825 enim
666 1793 751 1826 illud
764 1793 812 1825 ef-

114 1839 330 1884 flagitabant,
343 1842 591 1886 optabantque,
611 1847 651 1876 ut
677 1844 813 1877 videtur

113 1892 288 1934 superiore
303 1891 403 1926 libro.

156 1944 177 1974 6
199 1942 322 1976 Venice
334 1942 505 1986 lavinae]
520 1943 613 1978 Arce
629 1943 813 1987 Argoi-um,

113 1994 155 2024 ut
163 1991 233 2033 jam
249 1991 411 2026 diximus.

155 2044 179 2073 6
198 2043 336 2075 Bellona
347 2042 471 2084 sacen]
494 2043 584 2077 Quia
604 2044 682 2077 Dea
697 2045 813 2078 Bello-

103 2091 160 2124 ἰι
172 2092 297 2134 sepina
308 2093 625 2135 repraesentabatur
638 2092 753 2127 ferens
768 2094 816 2126 fa-

114 2150 190 2175 cem
218 2143 398 2176 ardentem
426 2143 576 2184 dextra;
610 2145 815 2188 quandoque

114 2193 218 2226 etiam
231 2192 417 2236 flagellum,
442 2200 480 2227 et
502 2195 587 2228 tuba
606 2205 729 2228 sonans
746 2207 755 2229 :
779 2200 816 2229 et

114 2244 318 2278 hee-omnia
341 2245 385 2278 ad
408 2245 611 2279 excitandas
635 2248 754 2289 copias
777 2248 814 2280 in

115 2294 204 2327 acie.
246 2295 295 2328 Et
307 2293 424 2328 forsan
448 2305 521 2328 mos
544 2297 623 2330 binc
638 2303 812 2339 receptus,

113 2344 167 2377 eie
188 2344 281 2377 illam
303 2344 524 2387 depingendi,
545 2347 637 2388 qnod
658 2353 811 2388 veteres,

113 2393 290 2427 referente
303 2394 543 2438 Lycophrone‚
563 2401 644 2429 ante
657 2397 812 2431 inventas

115 2444 214 2478 tnbaa
242 2443 378 2478 facibus
410 2445 599 2479 utebantur
625 2453 686 2489 pr'o
713 2449 813 2490 signo

114 2495 349 2529 committendi
364 2496 498 2538 praelii:
515 2498 816 2539 praemittebantur

112 2546 206 2578 enim
220 2546 327 2588 aliqui
351 2556 396 2578 ex
418 2550 564 2590 utraque
585 2554 699 2590 parte,
718 2548 813 2582 facea

114 2597 274 2629 ardentes
287 2595 442 2629 manibus
458 2595 697 2639 preferentes,
719 2609 815 2632 mox-

114 2655 194 2688 que,
215 2646 276 2680 nbi
296 2646 362 2679 ribi
384 2647 536 2680 invicem
550 2648 745 2689 injecerant
764 2649 816 2682 fa-

116 2704 188 2734 ceo,
200 2695 514 2738 congrediebantur
528 2698 714 2732 exereitus.
757 2700 816 2732 Sa-

117 2745 275 2783 cerdotes
289 2750 405 2780 autem
431 2747 609 2791 utriusque
637 2758 738 2783 sexus
752 2750 814 2784 hu-

858 1087 959 1128 jusce
995 1086 1080 1118 Deae
1115 1085 1305 1118 Bellonarii
1344 1085 1571 1119 vocabantur.

866 1136 914 1168 Hi
929 1136 995 1168 sibi
1011 1135 1231 1168 dissecabant
1254 1136 1417 1176 lacertos,
1433 1141 1574 1178 pectus-

866 1196 947 1229 que,
962 1196 1003 1218 ιο
1020 1186 1123 1223 latus,
1147 1189 1185 1218 et
1206 1190 1352 1228 utraque
1374 1196 1477 1218 manu
1493 1196 1574 1219 exe-

867 1240 982 1269 rentes
1001 1236 1145 1278 gladios,
1169 1245 1237 1268 non
1262 1236 1386 1276 alieno,
1410 1236 1470 1269 sed
1496 1247 1575 1280 pro-

866 1288 943 1329 prio
966 1297 1087 1320 eruore
1111 1296 1236 1320 numen
1262 1287 1354 1319 illius
1378 1288 1575 1330 placabant.

864 1338 940 1370 Tib.
964 1338 1022 1371 lib.
1039 1347 1066 1371 1.
1092 1338 1192 1380 Eleg.
1208 1340 1242 1370 6.
1263 1339 1274 1356 ‘
1290 1338 1378 1370 Haec
1404 1338 1465 1370 nbi
1491 1339 1573 1371 Bel-

866 1389 955 1421 lonae
987 1393 1084 1420 motu
1110 1393 1166 1420 est
1194 1388 1338 1430 agitata,
1367 1397 1433 1420 nec
1460 1397 1574 1421 acrem

867 1439 1068 1478 Flammam,
1082 1448 1149 1470 non
1166 1448 1283 1470 amens
1312 1437 1458 1470 verbera
1482 1443 1575 1471 torta

867 1489 978 1521 timet.
1025 1489 1110 1535 Ipsa
1126 1488 1276 1530 bipenne
1298 1497 1359 1520 uuo
1382 1487 1488 1521 eaedit
1504 1489 1575 1521 vio·

866 1539 963 1571 lenta
991 1540 1150 1579 lacertos,
1187 1538 1431 1580 Sanguineque
1465 1537 1575 1571 effuso

867 1590 1000 1632 spargit
1016 1590 1128 1621 inulla
1144 1590 1267 1622 Deam.
1311 1589 1459 1632 Statque
1482 1590 1574 1621 latus

866 1634 1011 1681 praefixa
1026 1650 1125 1680 veru,
1151 1644 1223 1672 atat
1238 1639 1356 1672 saucia
1372 1645 1510 1682 pectus,
1528 1641 1575 1672 Et

867 1690 959 1722 canit
974 1695 1134 1730 eventus,
1151 1699 1236 1731 quos
1254 1689 1332 1722 Dea
1355 1699 1482 1731 magna
1504 1699 1575 1722 mo-

867 1739 951 1772 net!
1010 1739 1171 1772 Lucanus
1199 1739 1261 1772 lib.
1290 1748 1315 1771 ι.
1350 1740 1571 1773 Pharsaliae:

868 1790 978 1822 ‘Tum
1007 1800 1093 1832 qnos
1126 1790 1231 1823 sectis
1256 1791 1403 1822 Bellona
1432 1791 1574 1823 lacertis

867 1840 968 1872 Saeva
994 1844 1123 1882 movet,
1150 1841 1307 1873 cecinere
1324 1840 1439 1873 Deos!
1482 1841 1574 1874 Vide

867 1890 1088 1923 Lactantium
1124 1889 1343 1923 Institution.
1387 1891 1575 1924 Christian.

867 1941 926 1973 lib.
947 1950 973 1974 1.
997 1940 1227 1982 Lampridium
1258 1941 1459 1975 Commodo.
1486 1942 1572 1974 Ter-

868 1990 1029 2023 tullianus
1042 1990 1272 2033 Apologetico
1288 1991 1387 2024 addit
1410 1997 1447 2025 et
1467 1991 1573 2025 femo-

867 2051 930 2073 ra:
961 2042 971 2059 ‘
990 2042 1146 2074 Bellonae
1176 2046 1332 2073 sacratus
1362 2043 1499 2084 sanguis
1529 2044 1572 2076 de

867 2091 997 2124 femore
1009 2091 1181 2134 proscisso
1195 2092 1230 2123 in
1244 2092 1429 2134 palmulam
1445 2102 1571 2134 excep-

869 2142 948 2176 tus.'
1000 2143 1089 2175 Haec
1117 2142 1232 2175 missio
1262 2143 1437 2184 sanguinis
1465 2143 1574 2176 fiebat

869 2203 959 2226 nono
975 2193 1123 2226 Kalend.
1139 2193 1282 2235 Aprilis,
1306 2194 1365 2236 qui
1391 2194 1573 2228 dicebatur

867 2245 878 2263 ⁸
892 2245 966 2276 dies
987 2243 1187 2285 sanguini&
1211 2250 1252 2276 ut
1275 2244 1406 2277 indicat
1427 2245 1573 2278 Trebel-

864 2295 932 2327 lius
960 2294 1074 2326 Pollio
1102 2294 1138 2326 in
1173 2294 1331 2328 Claudio.
1385 2296 1573 2338 Dextraque

866 2347 1017 2379 trabalem
1043 2346 1184 2378 Hastam
1207 2347 1338 2379 intorsit
1363 2349 1477 2390 agens]
1502 2350 1572 2383 Hic

865 2398 1012 2430 Bellona
1025 2397 1166 2438 supplet
1183 2396 1282 2438 vices,
1296 2399 1406 2439 patris
1430 2400 1574 2440 patrati.

865 2448 920 2480 Ex
934 2457 1028 2479 more
1043 2448 1134 2479 enim
1150 2447 1306 2479 Romano
1332 2454 1432 2489 pater
1457 2454 1571 2491 patra-

866 2502 922 2544 tur
936 2498 1141 2531 mittebatur
1155 2507 1232 2530 cum
1243 2497 1424 2531 fecialibus
1436 2501 1472 2532 in
1483 2500 1570 2534 fines

865 2549 1029 2588 hostium,
1039 2547 1098 2580 ubi
1115 2547 1278 2588 praefatus
1290 2550 1448 2590 quaedam
1459 2552 1571 2585 solen-

866 2599 936 2638 nia,
950 2600 1044 2631 clara
1067 2607 1152 2630 voce
1171 2607 1208 2630 se
1223 2598 1363 2631 dicebat
1378 2599 1504 2634 bellum
1519 2602 1570 2635 in.

866 2650 983 2682 dicere
1013 2652 1158 2690 propter
1186 2653 1299 2680 certas
1328 2659 1450 2683 causas
1470 2662 1482 2692 ;
1502 2663 1570 2695 quo

867 2703 1022 2742 peracto,
1038 2699 1173 2730 hastam
1190 2697 1225 2731 in
1240 2707 1357 2731 eorum
1370 2699 1456 2734 fines
1471 2704 1571 2735 emit-

867 2750 977 2784 tebat.
1030 2749 1135 2783 Hunc
1165 2749 1269 2783 ritum
1295 2751 1430 2794 prolixe
1460 2754 1571 2796 expli-
