1820 3068
204 235 290 279 ’786
708 247 750 278 Ρ.
784 247 976 278 ΡΑΡΙΝΠ
1010 246 1177 279 s‘rA'rn

206 343 414 395 Mov1sti,
435 342 625 394 funeste,
642 344 800 395 aciem,
821 344 928 386 dum
948 345 1114 399 pellere
1133 344 1271 398 leges,

207 411 269 452 Et
289 412 621 464 consanguineo
641 411 796 464 gliscis
815 424 998 466 regnare
1018 413 1244 466 superbus

207 479 365 522 Exule.
403 479 471 521 Te
489 479 625 521 series
645 479 850 521 orbarum
871 480 1028 522 excisa
1043 480 1277 522 domorum

208 547 476 589 Planctibus
493 547 707 599 assiduis,
729 551 770 589 te
790 548 885 590 diro
905 549 1084 590 horrore
1103 549 1308 591 volantes

208 614 550 670 Quinquaginta
569 616 730 659 animae
747 616 913 658 circum
933 622 1172 672 noctesque
1192 617 1381 672 diesque
1496 669 1502 673 μ

207 682 450 726 Assilient:
481 698 622 739 neque
638 684 755 726 enim
774 684 871 739 ipse
891 697 1051 726 moror.
1103 683 1135 726 J
1137 697 1207 726 am
1226 688 1426 726 moverat
1444 683 1535 726 iras

209 752 316 794 Rex
334 752 468 804 ferus,
489 756 535 794 et
554 753 704 795 tristes
721 751 957 806 ignescunt
978 751 1191 805 sanguine
1212 752 1377 794 vultus.

209 820 322 861 Inde
338 821 452 862 ultro
475 821 699 875 Phlegyas
720 824 778 872 et,
798 833 886 862 non
904 823 1132 863 cunctator
1151 820 1314 875 iniqui,

209 887 451 929 Labdacus
472 886 575 943 (hos
595 888 719 942 regni
736 887 899 930 ferrum
915 885 1073 943 penes)
1087 887 1167 939 ire,
1188 900 1406 942 manuque

1621 552 1679 593 75

1628 856 1700 931 so

208 1030 425 1074 abominande,
441 1037 472 1065 et
486 1037 643 1065 certamen
657 1032 802 1073 auguriis
815 1032 958 1069 vetitum,
973 1033 1048 1064 dum
1062 1030 1208 1072 per-cupis
1222 1031 1300 1071 jura
1315 1031 1444 1068 violare,
1465 1035 1497 1064 et
1517 1031 1679 1073 superbus,

205 1084 358 1113 germano
380 1080 515 1114 extorre,
541 1076 708 1108 dominari.
756 1075 997 1116 Quinquaginta
1020 1076 1160 1106 virorum
1181 1074 1308 1110 ambroe,
1331 1084 1460 1115 qaorum
1475 1079 1574 1107 morte
1588 1075 1684 1108 series

208 1117 355 1150 orbarum
370 1118 572 1157 famil-iarum
595 1120 727 1161 abrupta
752 1122 812 1157 est,
835 1119 953 1150 circum
966 1121 999 1150 te
1015 1118 1153 1149 volantes
1167 1117 1319 1148 horrendo
1333 1118 1489 1158 clangore,
1504 1118 1560 1150 dia
1574 1121 1681 1150 nocta-

208 1170 268 1200 (με
282 1165 313 1193 te
327 1162 479 1202 impetent
492 1162 650 1194 continuis
664 1162 808 1203 querelis.
847 1162 955 1202 Neque
969 1161 1052 1193 enim
1067 1161 1132 1201 ipse
1147 1160 1213 1191 illis
1226 1169 1381 1201 superero.
1415 1160 1579 1192 Barbarus
1593 1161 1683 1202 prin-

208 1213 280 1243 ceps
285 1203 355 1244 jam
369 1205 565 1237 excitaverat
572 1205 728 1244 furorem,
738 1207 770 1237 et
781 1207 890 1236 moesta
906 1203 971 1243 efy'as
977 1203 1082 1242 facies
1092 1203 1201 1234 rubore
1211 1202 1352 1235 ardebat.
1378 1203 1541 1245 Phlegyas
1555 1207 1586 1235 et
1597 1203 1681 1235 Lab-

210 1247 319 1289 dacus,
329 1249 370 1279 ad
383 1249 498 1280 malum
510 1251 664 1290 promtus,
674 1247 725 1290 (1ιί
738 1250 898 1289 praeerant
910 1247 1007 1288 copiis
1018 1244 1147 1287 regiis‚)
1158 1255 1190 1278 se
1198 1249 1320 1277 movent
1331 1247 1371 1278 ad
1383 1256 1453 1278 eum
1463 1256 1505 1279 ex
1515 1246 1587 1279 aula
1594 1246 1626 1278 vi
1635 1256 1683 1278 re-

829 1342 1026 1355 OOOOOOOOOO
1027 1342 1066 1354 Ν

209 1411 295 1440 -73
324 1408 484 1441 Graevius
497 1409 642 1442 Nicolao
660 1409 804 1441 Heinsio
819 1409 946 1452 Syllog.
966 1408 1079 1448 Epist.
1093 1408 1188 1439 Tom.
1202 1416 1252 1439 ιν.
1268 1416 1303 1448 p.
1320 1409 1394 1439 101.
1417 1407 1601 1448 legendum
1619 1418 1682 1450 pn-

211 1456 265 1483 tat
282 1462 290 1483 ε
312 1453 414 1491 gestis
428 1462 572 1493 regnare.
620 1453 698 1484 Hoc
715 1452 801 1484 citat
816 1452 918 1483 etiam
936 1451 1209 1492 Lindenbrogius
1226 1460 1268 1482 ex
1285 1450 1406 1482 codice
1423 1451 1593 1483 Pan—⁷5
1615 1454 1625 1470 ‘
1639 1452 1681 1483 In

210 1495 341 1535 optimo
357 1495 443 1527 libro
456 1497 567 1527 minus
582 1496 672 1528 bene
688 1496 831 1536 legitur:
857 1498 887 1526 et
903 1494 973 1525 diro
987 1493 1127 1532 horrore,
1140 1503 1216 1525 cum
1233 1493 1345 1531 glossa
1358 1504 1367 1525 :
1394 1495 1403 1512 ⁸
1415 1495 1562 1531 rotantes,
1587 1494 1683 1526 circa

211 1541 288 1569 tuos
304 1538 446 1570 oeulos!
473 1539 677 1571 Barna—79
701 1538 780 1570 Inde
795 1538 879 1568 ultor
894 1546 979 1568 unns
996 1536 1208 1568 Bainun-80
1224 1536 1352 1567 Veram
1367 1535 1484 1568 horum
1500 1537 1682 1569 verborum

209 1581 419 1612 sententiam
436 1582 575 1614 turbare
589 1583 731 1613 veniunt
743 1581 914 1613 nonnullas
939 1579 1159 1620 membrana»,
1174 1579 1208 1610 in
1225 1578 1347 1620 quibus
1365 1579 1530 1620 scriptum
1546 1581 1694 1622 conspi-‘

212 1624 322 1655 citur:
348 1624 436 1662 serr-i
462 1634 594 1664 regnum
620 1623 742 1666 penes!
779 1623 900 1655 Barth.
945 1623 1144 1654 Lectionem
1173 1627 1326 1653 nostram
1355 1626 1495 1654 servant
1525 1622 1678 1664 Lipsian.

210 1667 317 1708 Lang.
336 1667 439 1699 Laur.
455 1668 589 1699 Buslid.
607 1668 695 1699 Dan.
721 1667 803 1699 Put.
827 1667 951 1698 Petav.
983 1670 1127 1707 uterque
1153 1665 1280 1697 Behot.
1307 1669 1344 1697 et
1370 1674 1487 1697 omnes
1514 1665 1676 1698 edd.--81

872 1765 904 1799 N
910 1764 1013 1798 0⁷1*AE

211 1842 221 1861 ‘
235 1841 337 1874 Ilicet
361 1841 536 1875 infandum
561 1842 677 1875 cuncti
699 1846 819 1875 contra
835 1843 917 1874 omi-

211 1903 256 1925 na
272 1892 423 1925 benum.’
467 1891 632 1926 Decebat
657 1898 771 1926 autem
787 1893 851 1925 hoc
867 1893 917 1924 di-

211 1953 292 1975 cere
322 1952 498 1984 augurem,
526 1943 571 1975 de
602 1954 669 1986 quo
697 1944 918 1985 praecedente

211 1994 273 2026 lib.
303 2003 351 2026 VS.
381 1997 456 2026 692.
484 1994 494 2012 ‘
509 1994 575 2026 Ille
603 1994 681 2026 haec
711 1994 919 2035 praeviderat

211 2044 326 2076 omina
356 2043 478 2076 doctus
494 2044 626 2077 Aeros?
670 2045 726 2078 Ita
752 2045 840 2077 enim
866 2054 918 2076 re—

211 2094 326 2127 stituit
361 2093 454 2127 idem
487 2095 682 2128 Gronovius
718 2105 738 2128 e
769 2095 918 2138 scriptis.

211 2145 294 2180 Hoc
309 2145 369 2178 lib.
384 2155 435 2178 vs.
449 2148 525 2179 525.
547 2148 557 2164 ⁴
571 2147 672 2178 Clara
688 2146 827 2188 regione
841 2156 919 2188 pro-

211 2195 310 2229 fundi
325 2195 511 2238 AEtheros,'
523 2196 582 2229 ubi
594 2197 709 2238 vulgo,
725 2201 734 2214 ‘
745 2194 919 2228 AEtheris.’

211 2247 270 2278 Sic
283 2246 366 2279 alibi
378 2246 597 2289 ‘Hesperosf
613 2247 774 2289 ‘Tityos,’
789 2254 826 2280 et
843 2248 917 2289 plu-

213 2306 252 2329 ra
268 2297 450 2338 ejusmodi.

257 2351 299 2380 ⁷3
325 2348 462 2390 Gtiscis]
484 2347 495 2366 ‘
508 2347 690 2380 Gliscere'
717 2348 827 2390 prima
857 2359 918 2380 sua

212 2398 354 2430 notione
370 2397 541 2440 significat
565 2400 574 2417 ‘
588 2399 770 2438 crescere,'
795 2399 856 2431 sed
879 2404 917 2432 et

213 2458 278 2491 pro
304 2449 314 2466 ‘
329 2449 553 2481 vehementer
577 2449 777 2482 desiderare
790 2449 800 2463 '
816 2450 918 2482 sumi-

214 2505 283 2542 tur,
300 2504 339 2533 ut
352 2500 407 2532 hic
422 2500 567 2540 Statius,
582 2501 689 2532 etiam
712 2501 808 2541 alibi,
824 2510 921 2532 usur-

214 2556 275 2593 pat
289 2561 351 2593 pro
364 2552 374 2570 ‘
388 2551 545 2583 exultare
559 2550 579 2582 :'
602 2550 663 2582 lib.
683 2561 767 2583 v111.
790 2552 800 2569 ‘
815 2551 922 2592 Spec-

215 2606 268 2634 tat
282 2607 383 2634 atrox
397 2601 523 2633 hostile
538 2604 656 2642 caput,
673 2601 855 2644 gliscitque
870 2607 921 2634 te-

215 2653 330 2694 pentis
345 2652 493 2684 Lumina
508 2655 606 2685 torva
623 2651 768 2684 videns!

234 2705 301 2746 >74
324 2702 430 2734 Series
455 2701 577 2742 excisa]
601 2701 657 2733 Ob
683 2711 779 2743 spem
806 2707 920 2744 poste-

217 2752 343 2795 ritatis,
359 2763 436 2796 quae
452 2762 558 2795 genus
570 2757 791 2794 propagaret,
809 2753 921 2785 subla-

218 2807 300 2838 tam.

1017 1842 1058 1872 75
1083 1840 1270 1872 Plane-tibus
1280 1839 1427 1880 assiduis,
1444 1839 1514 1882 ξω]
1533 1840 1682 1874 Veteres

973 1890 1163 1923 credebant
1188 1890 1323 1922 umbras
1341 1890 1470 1931 injuste
1486 1890 1677 1924 occisorum

973 1940 1100 1980 redire,
1116 1944 1152 1971 et
1169 1944 1337 1972 nocturno
1361 1943 1530 1981 tempore,
1553 1941 1607 1972 vel
1622 1941 1681 1973 ho-

973 1992 1129 2032 micidas,
1144 1991 1198 2023 vel
1223 2001 1296 2032 eos,
1311 1991 1369 2033 qui
1390 2000 1492 2022 cansa
1506 2001 1576 2024 sure
1592 2002 1681 2024 mor-

974 2044 1019 2075 tis
1035 2042 1186 2082 fuerant,
1215 2050 1355 2081 vexare,
1383 2045 1529 2081 terrere,
1544 2051 1585 2074 ac
1602 2051 1682 2084 per-

974 2093 1081 2136 sequi.
1124 2093 1212 2125 Inde
1228 2092 1421 2134 Virgiliana
1437 2091 1530 2124 Dido
1546 2092 1605 2125 lib.
1629 2102 1681 2125 iv.

973 2143 1165 2176 ‘Omnibus
1181 2142 1301 2175 umbra
1330 2143 1413 2174 locis
1440 2142 1558 2183 adero,
1584 2142 1682 2174 dabis

973 2196 1127 2238 improbe
1159 2194 1302 2237 poenas!
1362 2194 1526 2226 Horatius
1557 2195 1622 2235 Ep.
1645 2203 1682 2225 v.

971 2247 1100 2287 ι(ὶιιίῐι,
1124 2246 1182 2278 ubi
1207 2246 1320 2286 perire
1335 2245 1449 2286 jussus
1465 2245 1690 2286 expiravero„

973 2298 1174 2330 Nocturnus
1189 2305 1366 2328 occurram
1392 2296 1513 2333 Furor,
1537 2295 1678 2328 Petam-

972 2358 1038 2391 que
1063 2348 1180 2380 vultus
1207 2345 1328 2378 umbra
1354 2346 1470 2378 curvis
1499 2346 1682 2388 unguibus,

976 2399 1083 2442 (Quae
1104 2398 1157 2430 vis
1179 2397 1332 2429 Deorum
1357 2400 1412 2428 est
1436 2396 1621 2440 Manium‚)
1636 2397 1683 2429 Et

975 2449 1140 2492 inquietis
1157 2447 1312 2480 assidens
1329 2447 1529 2489 praecordiis
1546 2449 1680 2480 Pavore

977 2511 1111 2534 somnos
1127 2498 1304 2532 auferam?

1019 2555 1062 2584 76
1087 2550 1327 2591 Quinquaginta
1349 2549 1479 2590 anima]
1505 2549 1551 2581 Se
1575 2549 1610 2580 in
1641 2559 1682 2580 eo

976 2602 1074 2644 ponit
1089 2609 1230 2633 numero
1253 2599 1382 2640 Maeon,
1403 2599 1484 2641 quia
1505 2599 1592 2631 mori
1607 2599 1682 2640 jam

976 2653 1223 2685 destinaverat.

1018 2706 1061 2735 78
1084 2704 1129 2734 Ee
1144 2701 1252 2734 tristes
1263 2700 1595 2742 ignescunesanguine
1614 2702 1682 2734 vul·

975 2753 1043 2794 tus]
1067 2753 1118 2786 Ut
1131 2753 1173 2786 fit
1188 2752 1221 2783 in
1237 2751 1297 2784 ira.
