1820 3068
215 214 304 258 806
722 222 764 251 r.
796 219 990 252 ΡΑΡιΝιι
1026 220 1192 252 s'rA'ru

217 318 520 362 Pertulimus'?
551 317 668 359 divae
684 314 876 358 Veneris
897 316 1020 371 quod
1039 315 1133 358 filia
1150 316 1328 370 longum

220 386 404 442 Reptat,
421 388 466 427 et
484 384 694 439 Illyricas
711 383 882 438 ejectat
899 385 1025 429 virus
1044 385 1090 426 in
1109 384 1298 427 herbas?
1432 438 1435 441 ᾖ

219 454 354 497 Nunc
373 456 543 509 gentem
563 451 843 494 immeritam.
903 452 1150 507 Lacrymas
1169 464 1254 493 non
1273 449 1460 506 pertulit
1477 450 1595 494 ultra

218 522 500 576 Bellipotens
518 534 529 562 :
558 520 734 562 hastam
755 519 875 563 laeva
889 521 1140 570 transumit,
1161 523 1206 561 et
1225 519 1318 561 alto
1576 523 1579 526 ’

217 588 383 645 (Haud
404 590 546 639 mora)
567 588 748 630 desiluit
768 601 924 630 curru:
954 589 1206 643 clypeoque
1224 591 1465 642 receptam>

220 656 370 699 Laedit
388 656 435 697 in
456 656 682 710 amplexu,
701 656 924 711 dictisque
945 657 1011 700 ita
1031 657 1197 698 mulcet
1217 655 1403 698 amicis:

223 724 264 766 Ο
285 723 409 775 mihi,
428 724 644 766 bellorum
664 724 858 778 requies,
878 730 923 766 ct
943 736 1071 766 sacra
1093 723 1318 777 voluptas,

222 791 412 846 Unaque
431 805 523 846 pax
544 791 693 834 animo
710 806 722 844 ;
753 793 838 834 soli
859 793 932 835 cui
951 797 1074 834 tanta
1094 796 1300 846 potestas

225 860 535 914 Divorumque
554 860 866 916 hominumque
888 862 1003 903 meis
1025 872 1254 902 occurrere
1275 858 1378 900 telis

1602 383 1690 426 290

1605 683 1693 764 2³5

223 987 335 1011 rumne
349 979 515 1019 nobisfuit
529 980 682 1020 dedecori,
697 979 777 1021 quod
793 983 868 1011 nata
884 980 964 1012 Deae
982 979 1113 1012 Veneris
1126 978 1224 1020 serpit
1248 978 1352 1018 longis
1364 977 1460 1020 spiris
1474 980 1505 1009 et
1519 974 1631 1008 evomit
1645 983 1695 1006 ve-

222 1031 336 1054 nenum
351 1023 385 1054 in
397 1023 530 1065 Illyrica
542 1022 690 1063 gramina
701 1026 715 1054 ,⁹
761 1023 848 1058 Quin
863 1023 928 1063 ipse
942 1033 1022 1054 mene
1037 1023 1084 1054 vis
1096 1023 1225 1063 perdere
1236 1022 1380 1063 populum
1394 1021 1569 1052 innoxium.
1602 1018 1697 1049 Mars

222 1075 287 1097 non
300 1065 386 1098 ultra
399 1066 464 1106 ejus
469 1066 570 1108 fletus
584 1066 750 1098 sustinuit.
796 1065 938 1097 Hastam
958 1066 994 1098 iu
1016 1065 1179 1097 sinistram
1194 1065 1372 1101 transtulit,
1387 1067 1419 1096 et
1434 1064 1518 1096 hamt
1532 1064 1696 1094 cunctam

224 1108 346 1140 devolat
361 1119 402 1141 ex
415 1110 495 1141 celso
510 1118 616 1150 curru,
629 1111 661 1140 et
675 1108 764 1140 illam
778 1108 812 1139 in
823 1112 908 1140 scuto
923 1112 1079 1150 receptam
1088 1108 1295 1149 amplectendo
1307 1107 1408 1148 loedit,
1421 1110 1452 1138 et
1466 1104 1584 1138 lenibus
1597 1103 1698 1135 verbis

223 1150 272 1181 ita
293 1152 434 1183 solatur.-
467 1153 497 1183 Ο
512 1152 603 1191 mihi,
627 1154 697 1192 post
723 1160 844 1191 pugnas
868 1153 1083 1187 levamentum,
1105 1154 1136 1182 et
1160 1160 1258 1182 sacrae
1280 1151 1414 1186 delicioe,
1435 1160 1473 1181 ac
1489 1148 1581 1180 unica
1599 1145 1699 1179 menti

226 1203 303 1226 meoe
325 1195 560 1237 tranquillitas;
582 1204 652 1236 quoe
667 1194 734 1226 sola
747 1204 787 1226 ex
802 1193 879 1226 Diis
894 1199 924 1227 et
940 1194 1116 1226 homiuibus
1129 1197 1217 1235 potes
1239 1196 1308 1226 tuto
1324 1192 1446 1225 obviam
1459 1192 1506 1224 ire
1520 1191 1598 1224 mei-³
1612 1190 1697 1229 telis,

847 1299 1088 1312 ΝΙΙΝΝΙΟΝ

228 1376 384 1418 Lipsian.
406 1381 483 1409 nata
507 1377 563 1409 sub
590 1381 699 1416 κινοίη
723 1377 757 1409 iu
787 1376 912 1409 ceteris
936 1375 1108 1416 omnibns,
1133 1376 1346 1416 virgo.—290
1369 1374 1489 1415 Reptat
1510 1374 1546 1406 in
1567 1373 1702 1415 Lyricas

228 1421 424 1453 Pan—293
447 1421 573 1452 Behot.
587 1424 618 1452 1.
634 1422 741 1461 Lang.
757 1421 861 1453 Laur.
876 1420 1030 1459 Lipsian.
1046 1419 1179 1450 Buslid.
1197 1419 1338 1450 Venett.
1354 1418 1452 1449 Rom.
1470 1416 1573 1450 Aldd.
1587 1418 1699 1449 colia.

230 1463 366 1505 Gryph.
384 1464 493 1495 Basil.
510 1467 546 1496 et
562 1463 680 1496 Plant.
700 1463 844 1496 dissiluit
857 1474 870 1501 ;
892 1463 979 1495 alter
995 1462 1120 1494 Behot,
1145 1461 1268 1502 optimi
1285 1460 1387 1492 codd.
1401 1460 1594 1499 Barthiani,
1609 1459 1701 1493 Dan.

228 1506 314 1539 Put.
333 1506 456 1539 Petav.
483 1506 647 1540 Petrens.
676 1508 761 1539 Exc.
787 1506 935 1539 Cantab.
960 1505 1104 1537 Taurin.
1130 1505 1250 1536 Burni.
1265 1502 1498 1545 Lindenbrog.
1514 1504 1615 1535 Cruc.
1632 1503 1702 1536 Ge-

229 1554 319 1582 vai-t.
336 1549 496 1581 Grasser.
513 1548 657 1582 Amstel.
675 1550 830 1583 Gronov.
847 1548 968 1581 Barth.
983 1548 1095 1580 veen.
1111 1553 1147 1579 et
1166 1547 1295 1587 Delph.
1321 1546 1572 1578 ‹inituim—294
1598 1545 1704 1578 Loeait

230 1594 264 1624 in
282 1593 460 1634 amplexum
473 1602 558 1624 unus
583 1592 694 1625 codex
718 1592 867 1631 Rarum,
883 1591 987 1623 Aldd.
1004 1591 1116 1622 Colin.
1133 1590 1269 1631 Grypb.
1289 1589 1394 1621 Basil.
1421 1594 1458 1621 et
1478 1589 1595 1620 Plant.
1619 1589 1702 1620 Red-

229 1636 279 1667 dit
314 1635 350 1666 in
387 1636 564 1676 amplexum
594 1636 735 1677 optimae
774 1634 982 1666 membranae
1012 1632 1159 1672 Barthii,
1201 1632 1293 1675 quod
1324 1632 1383 1663 ille
1412 1641 1479 1663 non
1503 1630 1703 1672 improbat;

230 1678 338 1710 Laedit
359 1678 395 1709 in
417 1679 564 1719 amplexu
586 1679 676 1711 Dan.
699 1679 784 1710 Put.
810 1679 935 1711 PetaV.
959 1678 1068 1717 Lang.
1094 1676 1193 1707 Laur.
1216 1675 1371 1716 Lipsian.
1387 1674 1521 1706 Buslid.
1538 1674 1700 1707 Petrens.

230 1721 320 1753 Exc.
346 1721 493 1753 Cantab.
516 1722 656 1753 Taurin.
678 1718 797 1753 Burin.
819 1720 1053 1760 Lindenbrog.
1081 1719 1183 1751 Cruc.
1207 1718 1351 1750 Gevart.
1375 1717 1533 1749 Grasser.
1556 1716 1704 1749 Amstel.

230 1763 386 1797 Gronov.
417 1763 541 1796 Barth.
573 1765 683 1797 Veen.
714 1769 751 1796 et
782 1764 908 1804 Delph.
967 1763 1082 1802 Illigat
1110 1762 1256 1802 amplexu
1285 1760 1447 1793 tentabat
1475 1759 1697 1792 Rutilius.—

229 1809 294 1840 295
330 1807 362 1838 0
384 1815 475 1838 sacra
507 1807 657 1848 Voluptas
680 1807 818 1848 optimae
845 1805 980 1838 Barthii
1012 1803 1341 1836 membranae.—296
1363 1803 1461 1835 Unus
1489 1803 1614 1834 Behot·
1637 1811 1703 1844 pax

201 1876 203 1878 .
231 1850 452 1883 anana-297
475 1850 635 1882 Dicor-um
658 1850 876 1891 hominumque
905 1850 990 1881 Put.
1016 1848 1141 1880 Petav.
1167 1847 1256 1879 Dan.
1285 1846 1437 1887 Lipsian.
1462 1846 1566 1878 Laur.
1593 1846 1702 1887 lang.

898 1951 1041 1984 NO'rAE

233 2021 273 2049 ut
288 2017 361 2049 vult
375 2017 603 2057 Ptolemaeus,
625 2020 696 2055 aut,
719 2020 757 2047 ut
775 2016 848 2048 vult
870 2016 942 2048 Pli-

231 2067 321 2106 nius,
335 2067 519 2109 Strymone
539 2076 638 2099 amne
654 2066 698 2098 ab
721 2066 840 2099 eadem
857 2066 943 2097 divi-

235 2127 285 2150 sa.
329 2118 425 2150 Finit
448 2117 625 2150 Thraciam
650 2128 671 2149 a
687 2117 945 2159 Septemtrione

997 2015 1072 2048 dius
1090 2019 1126 2048 et
1142 2013 1270 2047 arctius
1285 2022 1361 2045 eam
1372 2011 1548 2054 amplexus
1560 2017 1624 2044 est.
1647 2010 1705 2044 Sic

996 2067 1114 2099 Stellae
1129 2065 1247 2108 Epith.
1270 2065 1280 2083 ‘
1290 2063 1442 2097 Jacebat
1455 2062 1628 2104 Amplexu
1643 2061 1707 2095 du-

999 2127 1036 2150 ro
1052 2117 1169 2150 Getici
1185 2116 1336 2148 resoluta
1350 2112 1491 2146 mariti.’
1517 2113 1558 2145 In
1574 2113 1706 2155 opthno

234 2167 431 2209 Danubius,
442 2169 484 2201 ab
493 2169 583 2201 Ortn
598 2169 732 2200 Pontus
746 2168 898 2200 Euxinus
910 2172 948 2200 et

235 2218 437 2260 Propontis,
457 2229 478 2251 a
492 2218 643 2251 Meridie
659 2218 815 2259 AEgaenm
838 2218 949 2250 Mare.

279 2272 345 2302 289
372 2270 505 2302 Veneris
527 2270 609 2310 quod
620 2269 697 2310 filia
712 2269 838 2308 longum
864 2268 948 2309 Rep-

237 2323 300 2360 tat,
314 2323 346 2351 et
363 2320 514 2361 Illyricas
535 2319 650 2359 eiectat
670 2318 759 2350 virus
774 2319 808 2349 in
822 2317 949 2358 herbas]

237 2369 375 2402 Alludit
397 2369 441 2402 ad
469 2369 635 2411 fabulam,
661 2379 730 2411 qna
759 2369 949 2400 Harmonia

242 2420 371 2453 dicitur
387 2421 422 2453 in
440 2421 581 2461 illyrico
597 2420 631 2451 in
652 2424 848 2460 serpentem
867 2428 949 2450 con-

238 2480 348 2503 versa.
392 2471 479 2503 Vide
497 2471 555 2502 lib.
572 2470 796 2512 praecedente
813 2479 860 2501 vs.
872 2472 949 2502 289.

283 2525 346 2555 291
368 2522 504 2555 Gentem
515 2521 720 2563 immeritum]
736 2521 948 2553 Thebanam.

240 2573 289 2605 Et
305 2572 533 2614 supplendum
549 2576 614 2609 est,
638 2571 689 2604 vis
716 2571 874 2614 perdere,
890 2576 950 2604 aut

242 2623 324 2666 quid
342 2623 464 2655 simile.

285 2675 350 2706 294
373 2673 477 2704 Loedit
491 2673 523 2704 in
539 2671 700 2714 amplexu]
734 2671 824 2706 Quia
839 2682 950 2704 arma-

243 2730 299 2756 tus
313 2728 390 2756 erat
406 2728 487 2756 tunc
503 2724 611 2755 Mars.
655 2724 702 2755 Et
721 2732 793 2764 prae
808 2721 950 2755 festina-

242 2775 351 2818 tione,
366 2784 430 2808 nec
445 2775 602 2817 cogitans
623 2784 660 2807 se
683 2778 864 2817 armatum,
878 2774 949 2807 avi-

1001 2168 1119 2200 codice
1140 2167 1305 2208 scriptum
1328 2165 1513 2206 invenitur,
1529 2164 1650 2197 Reddit
1670 2163 1706 2196 ἰκ

1001 2220 1189 2260 amplexum.
1208 2217 1349 2257 Forsan,
1359 2215 1455 2247 Tollit
1465 2215 1499 2246 in
1508 2215 1684 2256 amplexum
1694 2225 1708 2248 ε

1002 2269 1056 2300 vel
1073 2268 1190 2308 Illigat
1205 2266 1362 2307 amplexu.

1044 2323 1107 2352 295
1136 2321 1166 2351 0
1190 2318 1280 2358 mihi,
1294 2317 1442 2349 bellorum
1460 2316 1637 2358 requies,et
1657 2325 1708 2348 σα-

1002 2380 1054 2402 cra
1071 2370 1226 2410 voluptas,
1245 2368 1374 2409 Unaque
1384 2377 1451 2408 pax
1464 2367 1585 2408 animo]
1606 2366 1647 2399 In
1663 2367 1710 2398 si-

1003 2431 1049 2453 nu
1063 2420 1153 2452 enim
1166 2419 1313 2451 Veneris
1323 2418 1452 2451 dicitnr
1463 2418 1561 2450 Mars
1579 2427 1599 2449 a
1612 2417 1709 2449 belli-

1005 2472 1052 2504 cis
1066 2470 1241 2503 laboribus
1257 2469 1489 2510 requiescere.
1525 2467 1712 2499 Lucretius

1005 2521 1064 2554 lib.
1082 2531 1108 2554 1.
1143 2523 1153 2539 ‘
1165 2521 1254 2553 Nam
1271 2526 1309 2552 tu
1325 2519 1397 2551 sola
1412 2523 1512 2560 potes
1530 2516 1713 2559 tranquilla

1005 2582 1096 2614 pace
1101 2572 1227 2613 juvare
1243 2569 1426 2609 Mortales,
1447 2567 1604 2610 quoniam
1617 2560 1712 2599 beni

1003 2622 1078 2654 fera
1094 2622 1215 2654 moenia
1238 2621 1380 2652 Mavors
1405 2618 1630 2659 Armipotens
1657 2627 1710 2649 re-

1004 2674 1066 2714 git,
1090 2674 1125 2705 in
1149 2671 1315 2714 gremium
1343 2669 1403 2712 qui
1430 2677 1525 2710 saepe
1551 2673 1645 2700 tuum
1674 2677 1712 2700 se

1004 2723 1144 2765 Rejicst,
1163 2728 1293 2756 aeterno
1307 2719 1489 2753 devinctus
1512 2718 1654 2750 vulnere
1671 2727 1711 2751 ,a-

1003 2774 1131 2808 moris?
