1820 3068
198 199 285 240 704

702 211 742 241 Ρ.
776 211 967 246 ΡΑΡΙΝΗ
1002 211 1168 244 STA'rn

202 303 311 346 Inde
331 317 410 359 per
423 304 675 356 Arcturum,
694 305 947 360 mediaeque
968 306 1146 348 silentia
1162 306 1320 358 Lunae,

197 371 323 414 Arva
344 386 474 427 super
493 372 779 428 populosque
797 378 929 416 meat.

198 439 546 493 Noctis-agebat
566 453 724 494 equos,
741 441 1025 496 trepidusque
1047 442 1239 496 assurgit
1257 443 1414 485 honori

990 375 1139 429 Sopor
1160 375 1320 416 obvius
1340 375 1406 416 illi

1604 444 1662 487 60

199 507 420 557 Numinis,
440 512 483 549 et
503 513 626 550 recto
649 507 830 550 decedit
850 508 990 550 limite
1010 509 1134 550 coeli.

199 575 384 617 Inferior
402 575 527 616 volat
545 576 700 617 umbra
720 576 838 626 Deo,
854 581 1166 631 praereptaque
1185 579 1330 620 noscit

197 642 370 693 Sidera,
393 643 748 698 principiumque
769 644 863 686 sui:
889 644 1071 699 jamque
1092 645 1230 687 ardua
1250 645 1445 701 Cyrrhae,

194 759 251 790 sub
264 760 397 791 mediam
411 763 543 800 nocem,
565 770 624 800 quo
640 762 712 791 tunc
727 758 830 790 omnia
854 762 970 796 tacent,
993 761 1111 794 transit
1125 771 1216 803 super·
1232 763 1324 794 urbes
1346 767 1378 795 et
1392 773 1526 805 campos.
1573 763 1661 796 Som-

196 811 266 841 nus,
288 803 342 843 qui
356 802 486 834 ducebat
500 812 625 833 currum
640 802 753 840 noctis,
766 803 902 834 occurrit
918 802 978 843 illi,
994 807 1025 835 et
1038 804 1181 842 festinus
1199 805 1366 846 honorifice
1378 807 1518 846 assurgit
1534 806 1616 846 Deo,
1631 811 1663 839 et

196 845 327 876 divertit
338 846 408 877 coeli
421 850 508 876 recta
522 845 582 876 via.
627 845 839 876 Simulacrum
851 845 929 876 Laii
951 847 1033 878 volae
1049 847 1136 885 infru
1151 858 1275 889 numen,
1297 852 1330 879 et
1342 850 1486 887 agnoscit
1500 853 1588 880 nstra
1601 848 1663 881 sibi

194 886 312 930 ablata,
334 891 367 920 et
381 888 535 928 originem
547 888 609 920 sui.
654 888 700 919 Et
707 887 779 927 jam
793 887 878 926 infra
891 889 1003 929 aspicit
1017 893 1136 922 montes
1153 891 1299 933 Cyrrhoe,
1318 894 1349 923 et
1361 891 1663 931 Phocwasoedctom

813 983 930 996 eeeeee

932 985 1050 998 ‘OM‘

197 1049 307 1081 Vetus
322 1049 530 1081 Scholiastes
546 1052 644 1081 notat
661 1049 694 1081 in
711 1049 785 1082 aliis
807 1051 974 1092 scriptum
999 1062 1095 1084 esse:
1118 1055 1151 1084 et
1172 1055 1255 1085 recto
1270 1052 1502 1085 discedit.—62
1525 1051 1662 1091 Inferior

194 1095 276 1124 meat
291 1093 372 1124 Put.
387 1098 424 1123 et
439 1092 577 1133 optimae
594 1092 728 1124 Banhii
746 1094 965 1132 membranae,
988 1094 1023 1126 in
1039 1095 1162 1137 quibus
1177 1095 1302 1127 etiam:
1323 1098 1536 1136 proereptaque
1548 1096 1660 1128 nexit.

195 1138 281 1167 -63
303 1136 312 1154 ‘
330 1135 461 1168 Omnes
485 1135 623 1177 optimae
648 1135 840 1179 mediaeque
866 1142 960 1170 notae
987 1137 1066 1170 libri
1083 1143 1219 1171 veteres
1245 1139 1295 1171 sui
1321 1143 1523 1180 agnoscunt,
1537 1137 1659 1180 quibus

851 1230 993 1263 NOTAE

239 1295 283 1325 58
315 1292 395 1325 Inde
422 1302 476 1334 per
504 1292 693 1335 Arcturum]
724 1290 829 1327 Hunc
853 1294 901 1327 lo-

196 1349 274 1376 cum
302 1344 352 1376 sic
376 1344 624 1385 interpretatur
649 1343 728 1377 Jan.
754 1343 900 1376 Parrba-

195 1393 265 1425 sius
278 1395 343 1436 Ep.
362 1403 386 1426 ι.
430 1394 601 1435 Evolavit‚
623 1394 747 1436 inquit,
764 1395 900 1427 Mercu-

195 1444 268 1475 rius
285 1454 303 1475 a
326 1444 498 1486 spiraculo
519 1445 629 1484 Ditis,
657 1445 799 1488 ipsoque
822 1446 901 1478 Tae-

195 1504 280 1526 nato
296 1495 435 1527 circiter
445 1495 630 1527 secundam
641 1495 805 1536 vigiliam,
820 1505 901 1529 noc-

194 1549 230 1577 te
243 1546 379 1578 scilicet
393 1546 613 1587 intempesta.
658 1547 787 1578 Bootes
799 1548 902 1588 enim,

194 1596 286 1628 inter
321 1596 422 1638 cnjus
453 1606 553 1628 crura
581 1597 689 1628 micat
715 1596 900 1639 Arcturus,

197 1647 302 1678 stella
342 1647 463 1688 primae
510 1647 768 1689 magnitudinis,
801 1648 900 1689 (eum

194 1698 358 1731 Manilius
375 1700 410 1731 in
421 1704 564 1741 pectore
581 1701 717 1740 Bootae,
731 1700 851 1731 Theon
865 1700 900 1732 in

196 1750 312 1783 medio
340 1751 479 1793 cingulo
508 1752 688 1792 collocat‚)
732 1751 796 1782 sub
826 1760 899 1783 eas-

194 1801 273 1833 dem
302 1802 416 1834 noctis
439 1802 540 1834 horas
567 1801 691 1843 incipit
716 1810 899 1842 apparere,

193 1856 231 1883 et
250 1855 332 1884 ante
360 1853 598 1894 crepusculum
619 1853 823 1884 matutinum
840 1851 900 1883 de-

194 1901 287 1934 sinit.
332 1902 401 1936 Qui
426 1903 644 1944 suspicantur
669 1901 737 1934 iter
764 1912 784 1933 a
805 1901 899 1933 Mer-

194 1952 291 1984 curio
318 1951 449 1985 factum
476 1963 539 1994 per
565 1952 757 1984 ‘arcticum
788 1953 899 1984 circu-

194 2002 288 2043 lum,’
303 2004 384 2045 (sub
401 2014 469 2046 quo
485 2005 605 2037 Crates
627 2004 813 2035 Tartarum
828 2006 899 2035 sta-

194 2050 289 2094 tuit‚)
325 2053 474 2095 indeque
506 2064 567 2095 per
607 2055 712 2086 Lunae
758 2053 899 2094 globum

191 2105 308 2146 (quem
326 2105 469 2136 silentem
490 2115 511 2136 a
526 2105 675 2146 Papinio
697 2104 826 2135 dictum
843 2113 899 2135 vo-

192 2154 283 2195 }unt,
308 2164 349 2187 eo
375 2155 468 2197 quod
499 2155 694 2187 umbrarum
722 2153 897 2185 silentium

193 2205 292 2236 sedes
322 2213 388 2246 est,
417 2210 477 2237 aut
507 2204 599 2247 quod
637 2203 772 2235 infimus
805 2202 896 2234 orbis

191 2254 284 2286 lunae
315 2255 514 2296 gravissimo
545 2263 629 2285 sono
654 2257 826 2292 movetur,
859 2255 899 2283 ut

193 2310 248 2339 est
276 2307 369 2348 apud
387 2305 619 2348 Ciceronem)
648 2305 898 2338 obscuritatem

190 2356 227 2388 in
244 2366 288 2399 >re
314 2357 407 2388 clara
436 2355 615 2388 affectant.
660 2357 708 2387 Ut
735 2355 826 2387 enim
843 2365 899 2388 ve·

192 2415 267 2438 rum
285 2406 332 2438 sit
347 2406 379 2437 in
397 2406 479 2438 luna
498 2415 572 2437 esse
597 2405 695 2438 sedes
719 2405 813 2445 alias,
835 2404 898 2436 fln-

192 2457 339 2498 viosque
355 2460 392 2488 et
408 2465 632 2498 quaecumque
648 2455 680 2487 in
698 2462 792 2487 terra
808 2459 900 2495 sunt,

193 2506 250 2547 (ut
260 2505 488 2546 Anaxagoras
498 2505 658 2547 opinatus
672 2509 725 2536 est
737 2509 773 2536 et
784 2503 899 2536 Achil-

190 2558 240 2588 les
251 2556 349 2589 Arati
361 2557 529 2598 interpres
539 2555 899 2599 refert‚)ipseMercu-

188 2608 263 2639 rius
278 2618 321 2639 ex
338 2608 493 2640 instituto
510 2612 612 2640 terrae
631 2607 770 2648 propius
793 2606 897 2647 volat,

192 2663 232 2690 ut
255 2658 390 2690 AEneid.
418 2668 467 2690 iv.
494 2658 624 2690 cecinit
649 2657 781 2690 Poeta:
806 2657 899 2689 ‘Hic

194 2709 339 2751 primum
356 2709 496 2751 paribus
512 2710 626 2740 nitens
641 2708 818 2748 Cyllenius
835 2707 897 2740 alis

194 2759 372 2803 Constitit,
386 2760 464 2793 hinc
487 2765 560 2793 toto
584 2768 740 2803 praeceps
762 2768 800 2793 se
822 2767 896 2792 cor·

956 1302 1039 1338 pore
1056 1294 1099 1328 ad
1113 1293 1221 1328 undas
1236 1294 1346 1333 Misit,
1362 1292 1416 1327 avi
1436 1292 1566 1334 similis,
1583 1303 1659 1340 quae

956 1347 1085 1379 circum
1101 1347 1231 1386 littora,
1255 1347 1386 1379 circum
1409 1346 1568 1378 Piscosos
1585 1354 1659 1377 sco-

957 1397 1066 1439 pulos,
1094 1397 1231 1428 humilis
1254 1397 1347 1428 volat
1373 1405 1512 1438 aequora
1530 1395 1661 1436 juxta.'

957 1446 1022 1488 Ac,
1047 1451 1086 1479 ut
1111 1456 1202 1479 novo
1228 1447 1388 1488 exemplo
1408 1456 1499 1478 nnnc
1523 1446 1659 1478 demum

956 1498 1152 1530 Mercurius
1167 1507 1244 1529 arva
1259 1507 1351 1538 super
1362 1498 1548 1538 populosque
1569 1497 1659 1528 lunae

955 1548 1061 1588 volet,
1084 1547 1204 1580 umbra
1229 1551 1324 1580 certe
1350 1547 1426 1579 Laii
1460 1556 1564 1588 agere
1588 1551 1659 1578 tam

955 1598 1137 1630 sublimem
1161 1606 1298 1630 cursum
1323 1607 1390 1629 non
1419 1596 1539 1637 debet,
1554 1601 1592 1629 nt
1606 1607 1659 1628 or-

955 1649 1032 1681 bem
1055 1650 1161 1681 Lunae
1181 1649 1314 1690 piorum
1332 1647 1492 1680 Manibus
1509 1647 1658 1689 assigna-

955 1704 1028 1732 tum
1053 1704 1280 1739 transgressa,
1303 1698 1420 1730 divina
1435 1702 1541 1740 atque
1557 1702 1659 1729 aeter-

955 1760 1010 1791 na,
1035 1751 1226 1792 praesertim
1253 1748 1484 1780 diversissime
1513 1757 1532 1780 a
1554 1747 1660 1779 desti-

954 1806 1036 1833 nato
1053 1811 1166 1842 cursu,
1189 1801 1263 1832 dira
1288 1799 1493 1840 contagione
1514 1799 1660 1840 polluat.

954 1853 1138 1884 Hactenus
1165 1850 1380 1883 Parrhasius.
1423 1849 1543 1881 Medioe
1568 1849 1658 1881 silen-

953 1903 1000 1935 tia
1017 1903 1133 1944 Lunae]
1161 1902 1311 1933 Mediam
1329 1904 1462 1932 noctem
1484 1904 1520 1932 et
1539 1900 1660 1931 intern-

954 1957 1089 1995 pestam
1106 1952 1279 1993 designat,
1293 1951 1374 1993 quia
1390 1954 1471 1982 tunc
1486 1950 1599 1982 omnia
1615 1949 1658 1981 si-

954 2004 1028 2036 lent
1053 2004 1126 2035 sive
1154 2008 1281 2035 tacent.
1325 2001 1379 2033 Ex
1404 2011 1486 2043 quo,
1517 2000 1660 2041 Orpheo

954 2054 1034 2086 luna
1049 2053 1167 2096 ἡσυχίᾳ
1191 2051 1358 2098 χαίρουσα,
1385 2052 1420 2083 id
1444 2056 1512 2091 est,
1533 2051 1658 2083 silentio

951 2106 1104 2146 gaudens,
1118 2105 1256 2136 dicitur.
1299 2103 1346 2135 Et
1362 2102 1473 2134 Varro
1486 2100 1658 2133 Macrobi-

954 2165 1060 2198 usque
1076 2165 1116 2187 ac
1133 2153 1341 2187 Censorinus
1355 2151 1434 2184 hinc
1447 2151 1657 2193 appellatum

955 2210 964 2224 ‘
979 2205 1202 2238 conticinium
1217 2203 1226 2218 '
1241 2203 1378 2236 docent.

995 2260 1038 2289 59
1060 2256 1160 2297 Sopor
1188 2254 1294 2286 obvius
1323 2254 1373 2285 illi
1403 2252 1517 2285 Noctis
1544 2252 1656 2293 agelmt

953 2307 1060 2348 equos]
1093 2304 1307 2338 Fabulantur
1336 2303 1459 2336 Poetae
1492 2313 1658 2344 somnum,

952 2367 1014 2390 seu
1035 2366 1205 2399 soporem,
1220 2355 1347 2387 ducere
1374 2354 1515 2387 rhedam
1545 2355 1657 2387 noctis

952 2418 1012 2441 seu
1029 2409 1147 2441 Luna».

994 2462 1037 2491 60
1060 2458 1185 2491 Honori
1202 2456 1365 2496 Numinis,
1379 2459 1411 2488 et
1431 2458 1517 2486 recto
1535 2453 1655 2485 decedit

952 2510 1052 2542 limite
1067 2508 1150 2549 coeli]
1167 2507 1296 2548 Tangit
1312 2515 1451 2544 morem,
1472 2512 1539 2544 qno
1562 2502 1654 2543 apud

954 2559 1126 2591 Romanos
1146 2556 1287 2598 privati,
1301 2555 1516 2594 minoresque
1530 2553 1654 2592 magis-

954 2612 1062 2641 tratus
1087 2605 1274 2648 majoribus
1301 2606 1532 2644 assurgerent,
1552 2606 1589 2634 et
1610 2601 1654 2636 de

954 2658 1008 2690 via
1024 2656 1245 2690 decederent.
1338 2693 1341 2695 ι

995 2710 1037 2740 62
1066 2706 1200 2748 Umbra]
1215 2704 1302 2737 Laii.
1347 2704 1575 2744 Proereptaque
1587 2711 1656 2734 nos-

951 2758 994 2790 cit
1019 2756 1148 2798 Sidera]
1181 2756 1259 2790 Non
1285 2754 1376 2787 enim
1403 2758 1539 2786 naturae
1564 2753 1654 2794 lege,
