1820 3068
239 198 325 242 984
755 211 796 241 r.
831 210 1023 241 ΡΑιηΝιι
1059 210 1227 242 s‘rA'ru

237 305 268 348 J
272 318 344 347 am
364 305 506 358 magis
528 309 663 359 atque
683 306 827 360 magis
848 305 1006 360 vigiles
1026 306 1156 348 dolor
1179 319 1337 360 angere
1358 319 1534 359 sensus,

240 374 300 416 Et
318 373 507 427 gemitus
528 372 652 423 clari,
673 376 716 414 et
737 369 958 428 paulatim
980 375 1130 416 invisa
1149 374 1344 429 Polyxo,

238 442 269 484 J
273 455 345 483 am
361 440 616 482 meminisse
637 440 767 482 nefas
788 454 798 482 ε
821 441 916 496 jam
938 455 1107 496 ponere
1127 442 1340 484 Manibus
1360 456 1462 486 aras

239 508 532 558 Concessum,
553 511 596 549 et
616 508 800 549 multum
821 509 992 551 cineres
1005 509 1158 563 jurare
1178 510 1392 564 sepultos.
1474 507 1476 509 ’

239 577 315 619 Sic
336 577 414 618 ubi
435 576 662 617 ductorem
684 575 872 629 trepidae
893 576 1146 631 stabulique
1166 578 1387 629 maritum,

241 643 388 695 Quem
409 656 547 697 penes
568 647 614 683 et
637 642 781 684 saltus
802 646 845 684 et
866 643 1035 685 adultae
1056 644 1198 697 gloria
1225 645 1383 697 gentis,

238 711 443 766 Massylo
462 710 602 764 frangi
623 714 835 765 stupuere
858 712 941 754 sub
961 712 1088 754 hoste
1102 710 1327 766 juvencae,

238 781 284 823 It
305 784 506 821 truncum
525 778 619 820 sine
637 779 806 820 honore
827 793 984 834 pecus,
1005 793 1243 835 regemque
1263 784 1514 834 peremtum
1566 801 1569 804 ·

238 847 345 902 lpse
365 859 484 899 ager,
504 846 593 900 ipsi
614 858 778 897 amnes,
800 852 847 888 et
867 852 990 890 muta
1007 852 1203 889 armenta
1223 851 1477 901 queruntur.

237 914 357 956 Ecce
379 919 528 955 autem
549 918 690 955 aerata
710 914 950 968 dispellens
971 926 1153 968 aequora
1172 926 1306 970 prora

237 982 390 1024 Pelias
409 982 565 1023 intacti
585 982 675 1024 late
698 982 821 1024 subit
840 982 1021 1037 hospita
1036 983 1162 1038 ponti

1619 914 1708 958 335

236 1103 328 1143 coepit
341 1105 520 1137 excruciare
534 1105 688 1137 insomnes
701 1108 830 1144 mentes,
853 1109 884 1138 et
910 1105 1077 1144 manifesto
1091 1108 1165 1136 sunt
1182 1105 1333 1147 suspiria,
1348 1107 1379 1137 et
1402 1104 1518 1136 sensim
1540 1102 1645 1134 odim
1659 1101 1714 1143 fit.

235 1145 382 1188 Polyxo.-
398 1148 469 1186 jum
483 1149 667 1189 permissum
682 1152 730 1180 est
743 1148 887 1190 confiteri
901 1149 999 1180 scelus
1009 1159 1019 1179 .·
1027 1149 1099 1187 jum
1110 1151 1271 1180 exstruere
1285 1158 1359 1180 urus
1371 1148 1516 1187 nim-tuis,
1531 1149 1562 1178 et
1575 1144 1707 1176 multum

235 1199 367 1221 exorare
380 1191 522 1222 conditos
534 1191 666 1223 cineres.
705 1191 759 1222 Sic
773 1201 843 1222 cum
857 1194 1024 1223 trementes
1031 1191 1176 1231 jueenooe
1188 1192 1335 1223 viderunt
1349 1201 1419 1222 cum
1431 1194 1558 1231 stupore
1573 1186 1707 1228 dacer-pi

235 1232 355 1264 a1e0n2
370 1234 512 1275 Massylo
526 1238 676 1266 rectorem
690 1238 722 1266 ee
738 1234 959 1266 admissarium
982 1235 1092 1273 cnuloe,
1113 1234 1148 1265 in
1173 1236 1261 1275 cnjus
1277 1237 1431 1275 potestate
1452 1236 1544 1264 erum
1567 1239 1706 1278 nemra.

235 1277 268 1305 et
281 1275 379 1307 honor
390 1278 492 1308 adulti
514 1277 638 1317 gregis,
659 1277 807 1308 mutilum
830 1287 926 1318 pecus
947 1278 1149 1318 progreditur
1173 1277 1240 1308 sine
1263 1278 1383 1315 decore,
1404 1279 1437 1308 et
1459 1276 1529 1316 ipsa
1541 1283 1632 1312 urea,
1644 1273 1707 1312 ipa

228 1314 338 1358 fluvii,
364 1322 396 1350 et
418 1319 510 1351 taciti
531 1330 648 1360 greges
668 1320 773 1351 dolent
799 1321 907 1352 ducem
932 1319 1144 1358 interfectum.
1188 1320 1271 1352 Ecce
1294 1318 1499 1352 nummis
1515 1315 1705 1353 Thessalica,

235 1370 305 1400 quae
317 1361 406 1402 prior
419 1362 563 1403 ingressa
577 1367 624 1395 est
639 1373 724 1395 mare
738 1365 832 1395 antea
846 1363 1042 1403 inviolatum,
1065 1363 1126 1395 late
1147 1363 1258 1404 paruit
1280 1363 1466 1404 protrudens
1489 1361 1592 1392 undas
1610 1367 1707 1401 prom

855 1449 1096 1461 eeeeeeeeeeee

235 1512 301 1541 329
316 1509 421 1544 Aldd.
439 1512 549 1545 Colin.
565 1513 698 1554 Grypli.
711 1513 816 1546 Basil.
833 1518 870 1546 et
885 1514 1001 1546 Plant.
1014 1512 1265 1552 cineresjurusse
1280 1523 1293 1551 ,·
1322 1513 1427 1552 Lang.
1442 1508 1706 1550 Lam-Lipsien.

235 1553 370 1586 Buslid.
398 1556 488 1587 Dan.
505 1556 587 1587 Put.
603 1556 728 1589 Petav.
745 1561 892 1599 uterque
902 1557 1214 1589 Behott.Petrens.
1228 1565 1345 1587 omnes
1360 1553 1549 1591 Bathiatai,
1561 1553 1705 1584 Veneti.

234 1595 468 1638 Lindenbrog.
497 1599 602 1630 Crnc.
629 1604 666 1631 et
693 1603 842 1631 recentt.
869 1600 989 1632 cineres
997 1599 1231 1639 jurare—³32
1255 1598 1407 1640 Massylia
1422 1598 1456 1628 in
1472 1595 1705 1628 Petam-335

235 1638 310 1672 ‘Sic
323 1645 360 1672 et
374 1642 526 1683 optimus
542 1641 675 1683 codex3
697 1642 732 1674 in
744 1642 819 1675 aliis
830 1643 1000 1675 nonnullis
1015 1642 1193 1684 depellens!
1208 1641 1440 1674 Banu—336
1459 1640 1470 1657 ‘
1488 1639 1618 1671 Omnes
1633 1645 1704 1668 me·

905 1734 1050 1767 NOTAE

277 1798 342 1828 326
373 1797 451 1828 Jam
472 1797 576 1838 magis
598 1802 693 1840 utque
706 1798 810 1839 magis
831 1799 945 1839 vigiles
998 1798 1137 1841 vinique
1147 1807 1224 1830 ossa
1235 1796 1387 1839 parentis
1399 1795 1623 1828 Condidimus
1634 1797 1705 1827 ter-

1622 574 1715 643 330,

233 1848 322 1879 dolor
335 1857 452 1888 ungere
466 1857 586 1889 sensus,
601 1849 671 1890 ξω]
695 1849 742 1881 Hi
762 1859 880 1881 omnes
894 1849 943 1881 ef-

231 1896 346 1929 fectus
362 1898 574 1939 poenitentiae
589 1909 597 1931 τ
632 1903 837 1941 perpetrato
853 1900 944 1932 enim

233 1948 378 1988 scelere,
404 1958 471 1980 non
493 1950 611 1981 statim
637 1949 841 1990 magnitudo
867 1950 942 1991 ejus

232 2001 455 2042 concipitur3
479 2001 539 2033 sed
558 2005 680 2043 postea
701 2001 870 2033 redeunte
887 2011 939 2032 ra-

232 2051 341 2090 tione,
356 2051 524 2092 angimur,
538 2052 723 2092 gemimus:
759 2061 800 2084 ac
817 2052 865 2084 illi
882 2053 940 2094 qui

231 2102 290 2133 vel
319 2102 433 2134 scelus
463 2106 660 2141 suaserunt,
685 2103 740 2134 vel
771 2103 873 2134 etiam
905 2103 940 2134 in

233 2151 483 2184 committendo
513 2151 732 2193 adjuverunt,
762 2153 811 2184 ita
840 2153 940 2184 invisi

231 2203 331 2235 nobis
346 2202 447 2242 fiunt,
467 2207 506 2234 ut
529 2202 622 2244 ipsos
638 2202 730 2234 ferre
745 2203 941 2234 nullatenus

231 2262 424 2295 possumus.
474 2253 596 2293 Vigiles
617 2253 736 2294 sensus]
773 2253 871 2285 Bene
894 2254 942 2285 vi-

229 2304 336 2345 gilon
374 2303 602 2345 invigilabant
631 2305 720 2336 enim
750 2305 878 2344 animo,
906 2309 943 2337 et

231 2354 374 2387 sceleris
390 2354 587 2395 perpetrati
611 2355 818 2396 supplicium
845 2364 942 2387 exer-

232 2405 362 2438 cebant
375 2415 480 2437 curae.

275 2461 338 2491 32⁷
362 2457 525 2490 Paulatim
536 2456 654 2497 invisa]
675 2457 822 2499 Supple,
835 2455 942 2490 omni-

232 2510 317 2542 bus:
344 2509 457 2540 scelus
473 2507 564 2540 enim
581 2511 747 2539 suaserat.

275 2562 341 2592 328
361 2559 440 2591 Jum
453 2560 566 2599 ponere
582 2556 733 2589 Manibus
749 2556 837 2598 aras]
860 2556 942 2589 Arae

231 2612 335 2643 etiam
371 2608 527 2641 manibus
561 2606 796 2639 sacrabantur.
843 2607 942 2648 Virg-

230 2662 309 2694 AEn.
325 2669 383 2692 ιιι.
407 2660 418 2677 ⁴
430 2660 531 2691 Stant
550 2657 715 2690 Manibus
735 2667 806 2689 αντε
822 2657 944 2689 Coeru·

229 2712 296 2744 leis
311 2715 444 2742 moestae
466 2708 573 2745 vittis,
588 2713 732 2750 atraque
753 2705 943 2749 cupresso?

232 2764 345 2799 Idem.
360 2761 437 2795 AEn.
458 2771 492 2794 v.
515 2761 592 2793 ‘Ex
614 2769 682 2803 quo
703 2759 866 2803 reliquias
886 2758 939 2792 di·

997 1859 1059 1887 rae,
1074 1853 1278 1890 moestasqne
1293 1847 1501 1880 sacravimus
1517 1845 1619 1878 uras!

1039 1903 1104 1933 329
1126 1901 1267 1933 Multum
1289 1900 1407 1932 cineres
1418 1900 1532 1939 Jurnre
1553 1898 1706 1940 sepultos]

996 1950 1040 1982 Id
1056 1955 1123 1991 est,
1138 1957 1259 1992 petere
1275 1959 1395 1992 pacem
1411 1959 1433 1981 a
1446 1948 1596 1981 conditis
1609 1947 1704 1980 cine-

997 2001 1113 2033 ribus:
1148 1997 1237 2032 nam'
1255 2000 1356 2033 variis
1381 1998 1556 2032 sacrificiis
1580 2007 1704 2030 exora-

996 2050 1082 2083 bant
1107 2055 1258 2083 mortuos
1283 2056 1323 2083 ut
1349 2051 1414 2083 sibi
1441 2053 1638 2091 parcerent,
1663 2059 1705 2081 nc

997 2102 1137 2135 tandem
1153 2103 1329 2143 exagitare
1342 2111 1380 2134 se
1395 2101 1604 2133 desinerent.

1040 2155 1104 2184 332
1126 2152 1284 2194 Massylo]
1301 2151 1445 2194 Massyli
1457 2151 1632 2192 Stephano
1643 2159 1704 2192 po·

996 2203 1067 2244 puli
1083 2201 1227 2243 Africae,
1251 2201 1457 2234 Caesariensi
1481 2199 1702 2233 Mauritania

995 2253 1209 2286 contermini.
1254 2252 1304 2284 Hi
1322 2261 1433 2294 neque
1452 2250 1568 2283 fraenis
1589 2261 1705 2293 neque

996 2303 1168 2346 ephippiis
1193 2307 1353 2343 utuntur,
1368 2302 1442 2334 sola
1461 2301 1619 2333 contenti
1634 2302 1702 2333 vir-

997 2365 1053 2397 ga,
1068 2365 1133 2397 qua
1148 2363 1254 2396 equos
1271 2357 1410 2395 regunt.

1039 2408 1102 2437 335
1126 2405 1209 2437 Ecce
1223 2402 1342 2444 autem]
1376 2401 1574 2435 Adventum
1589 2401 1703 2442 Argo·

996 2461 1177 2489 nautarum
1214 2455 1257 2487 ad
1286 2455 1453 2488 Lemnum
1482 2448 1605 2490 refert,
1642 2451 1702 2493 qni

995 2507 1087 2539 missi
1101 2505 1243 2538 fueraut
1255 2514 1276 2536 a
1291 2504 1392 2537 Pelia
1402 2502 1592 2536 Thessaliae
1605 2510 1701 2543 rege,

997 2563 1036 2590 ut
1051 2556 1205 2598 Phryxei
1226 2555 1345 2588 arietis
1365 2555 1493 2597 pellem
1514 2561 1653 2585 auream
1679 2561 1701 2584 e

997 2607 1161 2641 Colchide
1177 2609 1414 2648 reportarent.
1609 2612 1616 2616 ·

1039 2661 1103 2690 336
1126 2657 1235 2690 Pelias
1249 2654 1365 2695 Pinus]
1388 2654 1452 2686 Est
1474 2652 1572 2684 navis
1591 2650 1701 2694 Argo,

995 2718 1063 2750 qua
1086 2707 1177 2739 vecti
1202 2705 1412 2746 Argonautas
1441 2702 1485 2735 sd
1511 2702 1701 2745 expeditio-

993 2768 1074 2792 nem
1099 2756 1317 2791 colchicum:
1355 2754 1408 2788 sic
1434 2752 1527 2787 diets
1554 2763 1580 2798 a⁴
1598 2753 1700 2788 Peli·

1798 387 1820 460 i
