1820 3068
244 211 333 256 916

741 218 782 252 P.
816 221 1008 253 PAP1N11
1043 219 1211 261 sTA'rn

247 317 429 360 Colchis
451 320 564 372 aget,
585 316 762 371 trepido
778 317 1006 372 pallebunt
1024 316 1213 358 Tartara
1232 318 1389 359 motu?

246 386 407 428 Nostri
428 398 534 426 cura
554 385 710 434 minor,
733 385 771 425 si
792 397 877 425 nou
898 384 1096 426 attollere
1115 385 1265 426 bustis

248 452 464 506 Corpora,
484 464 565 492 nec
582 451 742 505 plenas
763 452 956 505 antiquis
977 451 1154 492 ossibus
1171 464 1304 494 urnas

247 520 454 573 Egerere,
477 525 523 560 et
541 519 708 560 mixtos
728 519 922 573 coelique
942 518 1165 573 Erebique
1188 520 1271 561 sub
1291 533 1425 562 unum

246 587 488 629 Funestare
509 587 634 628 Deos
654 587 794 628 libet‘e
827 591 906 628 aut
925 588 1171 640 exsanguia
1189 587 1305 628 ferro

246 654 339 697 Ora
359 655 498 709 sequi,
517 659 596 696 aut
617 667 759 708 aegras
778 655 1024 697 functorum
1044 668 1226 710 carpere
1246 655 1413 697 fibras?

1628 589 1714 630 510

244 723 319 766 Ne
339 727 494 765 tenues
509 735 666 774 annos,
687 723 936 776 nubemque
954 722 1068 764 hanc
1086 721 1244 764 frontis
1260 735 1437 777 opacae,

243 791 449 846 Spei-nite
469 803 540 840 ne,
559 803 735 841 moneo,
756 793 798 831 et
815 782 1122 831 nobissaevire
1142 789 1352 832 facultas.

242 859 423 902 Scimus
443 858 558 899 euim
577 862 622 899 et
644 857 854 912 quicquid
878 857 982 908 dici,
1003 858 1216 912 noscique
1244 859 1425 910 timetis,

243 926 303 968 Et
321 926 494 968 turbare
518 925 741 974 Hecaten,
762 925 806 966 ni
826 928 883 976 te,
899 925 1182 979 Thymbraee,
1204 939 1394 968 vererer:

1625 929 1712 971 515

244 994 306 1036 Et
327 992 517 1048 triplicis
532 993 684 1034 mundi
706 1006 943 1043 summum,
965 1006 1095 1047 quem
1117 994 1230 1035 scire
1248 994 1467 1036 nefastum
1486 999 1576 1038 est:

245 1113 341 1146 thicis
355 1113 512 1146 instnwta
525 1125 578 1147 nos
590 1115 740 1156 evocabit,
755 1115 859 1157 Inferi
873 1117 1020 1155 trement,
1042 1119 1074 1146 et
1088 1115 1270 1156 pallebunt?
1303 1116 1420 1148 Nostri
1434 1116 1535 1148 minor
1549 1117 1611 1148 erit
1623 1126 1713 1149 reve·

246 1157 364 1196 rentia,
383 1158 414 1189 si
435 1168 496 1190 non
516 1159 617 1199 placet
640 1158 763 1198 erigere
785 1159 938 1190 cadavera
964 1167 980 1189 e
1004 1159 1167 1199 sepulcris,
1193 1168 1249 1190 nec
1274 1168 1371 1190 umas
1397 1160 1565 1192 exhaurire
1578 1160 1714 1199 refertos

246 1199 404 1232 veteribus
428 1200 559 1241 ossibus,
579 1211 634 1233 nec
647 1200 816 1240 funestare
839 1210 944 1232 omnes
958 1203 1082 1232 omnino
1100 1202 1188 1232 Deos
1202 1202 1270 1233 coeli
1284 1204 1314 1232 et
1330 1202 1450 1234 Erebi?
1470 1205 1525 1234 aut
1539 1212 1643 1234 secare
1657 1212 1711 1234 ex-

247 1241 367 1274 animes
380 1244 498 1283 vultus,
521 1247 577 1276 out
601 1245 739 1276 lacerare
761 1247 924 1275 moerentes
948 1247 1137 1275 mortuorum
1152 1244 1278 1284 fibras?
1298 1245 1425 1285 Moneo,
1447 1254 1486 1277 ne
1509 1246 1714 1277 contemnatis

246 1285 394 1316 caducam
406 1289 544 1327 aetatem,
567 1290 599 1318 et
611 1287 691 1318 hanc
704 1287 872 1326 caliginem
885 1287 1035 1318 umbrosae
1046 1286 1183 1323 frontis,
1198 1291 1229 1318 et
1241 1291 1380 1328 potestas
1393 1288 1481 1319 nohis
1494 1292 1541 1319 est
1554 1289 1714 1320 soevimdi.

250 1326 419 1359 Nescimus
430 1329 514 1361 enim
528 1329 675 1371 quicquid
696 1330 819 1370 pavetis
843 1329 981 1368 vulgari,
1002 1339 1039 1360 ac
1063 1330 1218 1370 cognosci,
1239 1334 1271 1361 et
1295 1339 1411 1362 vexare
1428 1331 1581 1371 Hecaten,
1593 1331 1658 1362 nisi
1673 1334 1717 1369 te,

251 1369 447 1414 Thymbroee,
470 1381 649 1412 venerarer,
674 1376 705 1403 et
728 1381 879 1404 summum
894 1372 999 1403 Deum
1013 1372 1148 1412 triplicis
1162 1373 1286 1414 mundi}
1302 1383 1392 1415 quem
1408 1383 1468 1404 uon
1482 1374 1554 1405 licet
1569 1383 1694 1410 noscere
1704 1384 1716 1404 .-

857 1467 978 1480 eeeeee

979 1466 1097 1479 eeeeee

246 1531 454 1564 παίω-611
487 1533 585 1564 Unus
615 1533 741 1566 Bellon
767 1537 798 1566 ee
828 1543 944 1574 ‹egr-as.
991 1533 1114 1574 Margo
1143 1531 1199 1564 ed.
1237 1533 1357 1565 Barth.
1387 1536 1563 1565 sanctorm
1587 1542 1713 1574 carpere

236 1574 460 1616 fibram—612
482 1579 493 1593 ⁶
512 1575 553 1607 Iu
565 1576 640 1607 aliis
651 1576 856 1608 membranis
873 1583 948 1608 est:
973 1579 1079 1607 tenues
1097 1578 1186 1607 artus
1197 1585 1210 1612 ;
1231 1575 1292 1607 sed
1304 1575 1388 1607 illud
1400 1577 1501 1617 longe
1512 1575 1623 1608 Poeta
1636 1575 1713 1618 dig-

246 1617 349 1649 nius!
363 1618 591 1650 Barna—513
603 1621 613 1636 ‘
630 1619 672 1650 In
684 1619 814 1660 optimo
825 1619 946 1651 codice
955 1619 1082 1659 legitur
1096 1629 1104 1649 ε
1121 1619 1152 1650 io
1163 1628 1269 1650 moneo
1278 1629 1292 1656 ,·
1307 1617 1400 1660 quod
1410 1619 1547 1650 minime
1557 1619 1714 1650 librario-

248 1669 322 1692 rum
349 1660 425 1692 est.'
449 1662 658 1693 Idem—516
682 1662 870 1694 Buccatius
890 1662 981 1693 hune
1001 1671 1135 1693 versum
1160 1661 1272 1692 citans
1296 1661 1403 1702 legit:
1427 1661 1462 1693 in
1483 1664 1516 1693 te
1531 1661 1712 1703 Thymbrae

245 1702 512 1736 timerem—516
535 1703 690 1746 Optimae
719 1705 855 1737 Barthii
879 1703 1107 1736 membranae:
1144 1713 1234 1744 quem
1253 1704 1335 1736 scir-e
1357 1703 1524 1742 sudandum
1545 1706 1710 1736 est—51⁷

907 1790 1051 1824 NOTAE

248 1853 360 1895 telligi
386 1853 515 1886 Medea
544 1854 654 1888 AEetae
678 1855 767 1888 filia:
806 1859 953 1898 utraque

246 1904 337 1935 enim
353 1907 428 1935 arte
444 1904 579 1945 magica
602 1905 638 1937 et
662 1905 838 1938 veneficiis
861 1907 952 1938 cele-

250 1955 411 1988 berrima.
628 1983 631 1985 ,

287 2008 351 2038 507
375 2005 489 2037 Sinon
504 2007 648 2039 attollere
663 2007 774 2047 bustis,
795 2006 867 2048 ἃμ]
900 2006 953 2038 Ea

244 2056 371 2096 omnia,
387 2066 465 2098 quae
482 2057 544 2089 hoc
562 2067 661 2089 versu
678 2064 714 2090 et
726 2058 949 2100 sequentibus

244 2105 456 2148 referuntur,
482 2112 562 2139 suut
578 2107 720 2140 effectus
734 2109 862 2150 Magiae
877 2117 950 2140 sce-

245 2156 452 2188 lestissimae.
496 2158 586 2189 Vide
603 2158 787 2200 Apuleium
803 2160 892 2191 Met.
907 2168 950 2190 11.

246 2207 255 2223 ‘
275 2206 344 2237 Sed
365 2213 401 2238 et
416 2206 525 2239 bustis
535 2213 572 2240 et
587 2209 676 2250 rogis
688 2209 842 2251 reliquiae
858 2219 950 2251 quae-

247 2256 323 2288 dam
346 2262 383 2289 et
413 2257 619 2290 cadaverum
653 2259 881 2300 praesegmina
905 2259 950 2291 ad

246 2307 404 2339 exitiales
435 2307 620 2340 viventium
648 2308 803 2341 fortunas
828 2314 950 2350 petun-

246 2356 327 2389 tur!
370 2357 512 2389 Tacitus
532 2357 622 2390 Anu.
638 2368 678 2391 11.
696 2364 705 2378 ¹
719 2359 948 2401 Reperiebaxi'-

246 2412 303 2439 tur
319 2408 392 2439 solo
405 2417 446 2439 ac
461 2407 648 2448 parietibus
660 2413 771 2441 erutae
787 2409 947 2441 humano-

244 2467 319 2489 rum
335 2467 517 2499 corporum
532 2458 713 2500 reliquiae‚'
724 2461 791 2491 &c-

288 2510 353 2539 512
379 2508 558 2549 Nubemque
578 2509 657 2541 lianc
677 2509 799 2547 frontis
829 2508 948 2550 opacoe]

245 2558 288 2590 Id
305 2563 370 2598 est,
385 2558 592 2591 caecitatem.

288 2612 352 2641 514
376 2609 501 2641 Scimus
514 2609 609 2650 enim,
624 2609 701 2651 ssa]-
727 2610 825 2643 Dicit
840 2619 877 2642 se
889 2619 950 2651 op-

247 2660 331 2691 time
346 2660 469 2692 callere
485 2660 651 2701 magicam
662 2665 786 2702 artem,
797 2666 834 2693 et
847 2671 950 2702 posse

247 2712 361 2742 omnia
376 2710 501 2752 facere,
529 2722 605 2753 quae
631 2712 724 2753 Magi
747 2711 893 2753 faciunt,
909 2722 950 2744 ac

246 2761 348 2793 etiam
366 2770 466 2802 posse
483 2770 609 2803 cogere
625 2767 792 2805 mortuos,
807 2767 949 2806 totaque

1009 1854 1170 1896 Tartara,
1187 1859 1226 1888 ut
1241 1854 1305 1888 sibi
1327 1865 1456 1888 morem
1480 1857 1624 1898 gerant:
1648 1856 1711 1888 sed

1006 1906 1236 1938 reverentiam
1263 1916 1365 1948 quam
1383 1911 1529 1948 praestat
1545 1906 1712 1948 Apollini,

1006 1966 1206 1999 summoque
1236 1957 1286 1988 illi
1314 1957 1392 1989 Deo
1424 1957 1571 1998 triplicis
1592 1957 1710 1988 mundi

1007 2007 1157 2044 domino,
1171 2007 1320 2038 obstare.
1335 1999 1339 2003 “

1049 2060 1111 2088 515
1125 2057 1170 2088 Ni
1179 2060 1221 2098 te,
1232 2056 1425 2098 Thymbraee,
1434 2056 1573 2098 vererer]
1584 2056 1712 2098 Thym-

1005 2107 1128 2147 braeus‚
1143 2105 1283 2147 Apollo.
1330 2106 1424 2139 Dicit
1433 2106 1602 2148 Apollinis
1613 2116 1710 2138 reve-

1005 2157 1117 2189 rentia
1147 2166 1184 2188 se
1207 2157 1298 2188 nolle
1321 2157 1565 2189 contumeliam
1589 2156 1709 2189 facere

1005 2209 1080 2250 ejus
1096 2207 1214 2244 sorori.
1259 2207 1342 2249 Ipsa
1353 2208 1443 2240 enim
1456 2207 1591 2240 Hecate
1605 2209 1616 2226 ⁴
1628 2208 1712 2240 Dia-

1005 2268 1047 2290 na
1057 2258 1066 2272 ’
1081 2258 1219 2290 dicitur.
1673 2252 1675 2254 ’

1046 2311 1110 2339 516
1136 2308 1282 2349 Triplicis
1294 2308 1419 2349 mvndi]
1453 2308 1625 2341 Coelorum
1641 2309 1717 2340 sei·-

1001 2358 1098 2398 licet‚
1112 2363 1225 2399 terrae,
1235 2363 1271 2390 et
1284 2357 1491 2391 Inferorum.
1519 2360 1621 2395 Quem
1631 2359 1711 2390 scire

1000 2408 1156 2447 nefastum
1171 2412 1240 2441 est.-
1263 2409 1358 2441 Illum
1379 2411 1434 2442 sed
1458 2408 1558 2449 taceo]
1580 2409 1623 2441 Id
1637 2413 1707 2449 est,

1001 2459 1100 2501 cujus
1128 2468 1252 2491 nomen
1275 2458 1432 2500 proferre
1458 2459 1625 2492 nonlicet
1639 2458 1709 2491 θεὸς

1001 2510 1019 2541 ὁ
1041 2508 1167 2541 πάντων
1186 2509 1356 2550 δεσπότης,
1370 2507 1407 2541 οὗ
1420 2509 1556 2549 τοῦνομα
1565 2508 1710 2550 φοβερν,

1004 2559 1067 2592 οὐδ’
1091 2559 1130 2591 ἂν
1148 2558 1330 2600 &vopida-acm
1354 2560 1427 2600 ἐγώ.
1470 2561 1560 2592 Dens
1572 2559 1709 2590 omnium

1002 2610 1157 2650 dominus,
1182 2611 1271 2651 cujus
1294 2620 1406 2643 nomen
1420 2609 1625 2649 semidabile
1647 2613 1708 2650 esc,

1003 2671 1100 2702 neque
1122 2661 1202 2693 hunc
1223 2662 1432 2693 nminavero.
1477 2659 1589 2701 quue
1610 2659 1708 2701 inge-

1003 2712 1076 2743 nita
1091 2712 1245 2744 omnibus
1261 2710 1456 2743 reverentia
1476 2710 1584 2742 divini
1598 2709 1708 2743 nomi-

1004 2762 1078 2802 nis;
1101 2763 1193 2805 quod
1222 2771 1293 2804 prae
1316 2761 1440 2794 ceteris
1455 2760 1617 2803 gentibus
1629 2759 1709 2794 reli-
