1820 3068
207 213 294 257 658
711 226 749 256 Ρ.
783 224 975 256 PAPINH
1010 225 1175 257 STA'ru

207 322 458 364 Intumuere
480 322 607 372 satis,
629 324 722 363 tum
743 334 848 364 vero
869 326 1043 365 erectus
1065 328 1250 378 uterque

207 391 423 433 Exertare
443 391 670 441 humeros,
690 389 942 444 nudamque
962 391 1180 433 lacessere
1199 405 1404 447 pugnam.

206 458 381 502 Celsior
400 459 474 502 ille
495 458 634 514 gradu
653 472 839 513 procera
858 459 903 500 in
923 461 1132 511 membra,
1154 461 1373 517 simulque

205 527 382 581 Integer
401 541 626 580 annorum,
649 527 730 570 sed
749 540 839 569 non
859 532 904 569 et
923 528 1089 570 viribus
1104 529 1214 571 infra

205 595 363 650 Tydea
380 596 464 639 fert
484 596 676 650 animus;
695 599 898 650 totosque
918 597 1068 639 infusa
1086 610 1164 651 per
1184 601 1306 639 artus

206 662 357 719 Major
376 664 420 706 in
441 665 600 719 exiguo
619 664 833 718 regnabat
853 676 1035 718 corpore
1054 664 1210 707 virtus.

203 731 234 774 J
238 744 307 774 am
330 733 506 774 crebros
525 733 642 774 ictus
663 745 743 774 ora
763 737 808 774 et
828 745 943 774 cava
963 736 1162 787 tempora
1183 733 1351 775 circum

204 798 373 842 Obnixi
388 800 674 854 ingeminant,
694 801 879 842 telorum
901 804 976 843 aut
993 801 1220 854 grandinis
1241 801 1379 843 instar

202 866 440 923 Rhipheae,
458 869 664 924 flexoque
681 883 792 923 genu
811 882 957 911 vacua
975 870 1053 911 ilia
1070 869 1271 911 tundunt.

202 935 309 978 Non
326 937 450 980 aliter
471 950 606 993 quam
627 938 779 980 Pisaeo
799 951 881 980 sua
899 937 1039 980 lustra
1057 937 1255 980 Tonanti

1577 869 1663 912 420

201 1051 399 1089 exarserunt,
420 1051 486 1080 tum
499 1050 605 1080 autem
619 1050 746 1089 uterque
767 1057 933 1088 assurgens
947 1048 1038 1090 coepit
1054 1048 1209 1080 denudare
1225 1048 1379 1088 humeros,
1401 1059 1438 1081 ao
1450 1048 1580 1082 inermis
1589 1059 1661 1082 con·

199 1101 303 1123 serere
325 1095 492 1123 certamen.
538 1091 596 1123 Ille
617 1091 775 1132 procerior
787 1095 856 1123 erut
870 1094 993 1123 statura
1018 1091 1055 1122 ob
1078 1092 1195 1133 amplos
1221 1096 1321 1129 artus,
1344 1096 1375 1124 et
1391 1092 1514 1134 pariter
1527 1092 1660 1134 florenti

199 1138 317 1171 aetate3
336 1135 391 1166 sed
408 1134 531 1176 Tydeus
544 1144 606 1168 non
618 1135 705 1174 gerit
718 1134 858 1166 animum
873 1134 978 1166 robore
991 1134 1181 1174 inferiorem,
1195 1139 1227 1167 et
1241 1135 1505 1175 mnjorsortitudo
1519 1137 1661 1176 inspersa

200 1178 277 1209 totis
302 1177 447 1209 membris
468 1177 593 1218 vigebat
621 1178 655 1209 in
672 1187 769 1219 parvo
796 1187 932 1218 corpore.
974 1178 1051 1208 Jam
1075 1178 1225 1210 obluctati
1250 1178 1366 1210 iterant
1382 1178 1567 1220 frequentes
1581 1179 1663 1210 ictus

198 1220 318 1252 circum
332 1231 366 1252 os
381 1225 411 1253 et
426 1220 543 1252 circum
558 1230 634 1252 cava
662 1224 813 1262 tempora,
834 1221 937 1252 instar
961 1221 1104 1261 telorum,
1125 1225 1181 1252 aut
1201 1222 1369 1261 grandinis
1392 1222 1427 1254 in
1449 1225 1584 1254 mntem
1598 1222 1659 1253 Ri-

194 1263 309 1304 pheum
333 1264 513 1303 incidentis,
534 1267 566 1295 et
589 1265 711 1295 coedunt
737 1263 801 1295 sibi
821 1263 952 1295 invicem
975 1267 1101 1295 curvato
1113 1274 1197 1304 genu
1210 1275 1287 1297 cava
1300 1264 1370 1297 ilia.
1418 1265 1463 1297 Ut
1483 1275 1553 1296 cum
1567 1265 1659 1306 quin-

198 1307 361 1350 quennales
375 1307 444 1340 ludi
454 1306 602 1339 celebrati
615 1307 650 1338 in
663 1307 810 1339 honorem
823 1307 916 1339 Jovis
937 1307 1038 1339 Pisaei
1051 1310 1263 1350 revertuntur,
1284 1310 1317 1341 et
1330 1317 1426 1348 arena
1438 1309 1519 1341 calet
1534 1308 1658 1348 magnis

197 1456 279 1490 alibi
295 1453 463 1498 voluimus
478 1460 517 1489 ut
532 1455 592 1488 irae
609 1455 715 1488 dictae
730 1455 802 1487 sint
822 1454 886 1487 seri
910 1454 1142 1494 sermonibus3
1165 1454 1226 1487 sed
1242 1454 1336 1487 nulla
1358 1453 1564 1496 fatigatione
1579 1464 1657 1487 sen-

196 1500 318 1532 tentiae
350 1500 467 1541 probae
493 1510 592 1542 opus,
616 1499 710 1531 libris
735 1508 804 1531 non
829 1497 1096 1530 addicentibus!
1119 1498 1344 1529 Barim—415
1368 1498 1565 1529 Priscianus
1592 1497 1653 1530 lib.

198 1552 266 1574 vn.
288 1543 364 1575 liaec
386 1543 492 1575 verba
514 1543 563 1575 ita
586 1542 766 1584 producit:
790 1551 845 1574 nec
866 1551 927 1572 non
949 1545 982 1573 et
1003 1540 1123 1573 viribus
1141 1540 1251 1579 infra,-
1273 1540 1407 1572 Barthii
1427 1540 1656 1572 membranae:

194 1590 243 1617 set
266 1589 450 1619 nom—416
473 1587 595 1617 Petav.
618 1590 654 1616 et
678 1585 802 1617 Behot.
829 1587 909 1616 totos
932 1583 1160 1622 insnum—419
1183 1582 1386 1625 Agnoscunt
1410 1592 1525 1615 omnes
1551 1593 1656 1615 mem-

195 1628 312 1660 branae
327 1635 364 1660 et
379 1627 460 1660 edd.
482 1626 642 1659 Lutatius
665 1626 769 1658 etiam
785 1629 821 1657 et
841 1625 1047 1658 Scholiastes
1064 1637 1180 1659 vocem
1197 1628 1338 1668 telorum,
1353 1626 1496 1659 Barthio
1509 1627 1658 1669 alioquin

858 1711 998 1744 NOTAE

955 1777 1114 1810 victores.
1153 1777 1287 1810 Horum
1301 1777 1467 1818 originem
1483 1778 1586 1820 aliqui
1601 1787 1655 1810 re-

954 1827 1071 1861 ferunt
1091 1828 1226 1871 Pelopi,
1248 1828 1306 1860 alii
1324 1829 1489 1868 Herculi3
1509 1837 1574 1860 nec
1588 1830 1657 1868 pri-

954 1889 1045 1911 mum
1061 1879 1174 1912 editos
1191 1879 1226 1911 in
1247 1879 1409 1911 honorem
1422 1878 1530 1916 Jovis,
1544 1879 1604 1911 sed
1619 1879 1656 1911 in

238 1780 303 1811 413
326 1777 484 1810 Exertare
506 1776 662 1818 humeros]
685 1777 787 1809 More
803 1777 900 1819 pugi-

197 1830 302 1914 luga-4
327 1880 449 1913 Celsior
477 1879 546 1921 ille]
575 1879 771 1920 Polynices,
797 1888 900 1921 quem

195 1932 345 1974 oblongo
368 1936 404 1964 et
433 1935 578 1964 venusto
615 1940 764 1973 corpore
794 1930 900 1963 fuisse

197 1983 305 2015 aiunt.

239 2036 306 2065 416
319 2033 424 2075 Tydea
426 2032 497 2072 sert
509 2032 645 2074 animus]
661 2032 749 2074 Pro,
759 2031 900 2074 Tydeus

195 2082 265 2116 fert
276 2083 436 2116 animum.
462 2083 614 2124 Totosque
627 2082 735 2122 infusa
744 2092 802 2124 per
811 2086 901 2114 artus

195 2135 304 2175 Mnjor
323 2134 358 2166 in
384 2135 498 2175 exiguo
519 2133 674 2174 regnabat
694 2142 821 2174 corpore
834 2134 900 2165 vir-

195 2186 262 2227 tus]
286 2187 342 2218 De
358 2186 480 2218 eodem
499 2185 632 2228 Tydeo,
647 2185 776 2218 Noster
790 2185 899 2217 Theb.

195 2246 246 2269 vt.
268 2237 472 2278 ‘Nunquam
494 2236 586 2269 hunc
611 2236 760 2268 animum
776 2240 900 2267 natura

195 2288 318 2319 minori
334 2287 500 2329 Corpore,
525 2297 588 2319 nec
611 2291 725 2319 tantas
750 2296 832 2319 ausa
847 2290 901 2318 est

196 2337 375 2371 includere
391 2337 506 2371 vires!

238 2391 303 2421 420
332 2387 500 2431 Rhipheoe]
525 2387 673 2429 Rhiphei
703 2393 835 2420 montes
864 2387 898 2419 in

196 2441 338 2481 Scythia
362 2442 547 2482 Europaea,
562 2440 674 2472 nimiis
696 2440 832 2472 nivibus
857 2450 899 2472 ac

195 2491 419 2532 grandinibus
435 2490 598 2532 expositi.

239 2545 302 2574 421
322 2543 398 2573 Non
411 2542 505 2573 aliter
516 2552 607 2582 quom
621 2542 724 2573 Pisaeo
732 2551 788 2573 sua
797 2540 898 2572 lustra

197 2593 348 2635 Tonanti]
375 2593 545 2633 Intelligit
568 2593 665 2624 ludos
683 2592 896 2635 Olympicus,

195 2644 315 2686 quinto
332 2653 467 2685 quoque
485 2653 572 2675 anno
595 2643 773 2683 redeunte,
788 2643 823 2675 in
837 2643 896 2675 ho·

196 2704 314 2728 norem
328 2695 425 2727 Jovis
441 2693 627 2735 Olympici,
639 2693 807 2726 celebrari
822 2694 899 2726 soli-

198 2751 253 2778 tos
269 2745 442 2787 Olympiae
454 2754 562 2785 prope
573 2744 673 2776 Pisas
685 2744 719 2775 in
733 2745 846 2785 Elide,
863 2744 899 2776 in

197 2796 322 2841 quibus
349 2795 506 2838 oleagina
533 2803 658 2828 corona
687 2795 899 2828 donabantur

954 1928 1075 1963 funere
1094 1930 1232 1972 Pelopis
1252 1930 1295 1963 ab
1310 1929 1420 1962 Atreo
1434 1935 1472 1963 et
1489 1929 1654 1963 Hercule.

954 1981 1085 2013 Verum
1099 1981 1160 2013 hos
1174 1980 1477 2023 ludos,progressu
1489 1976 1656 2022 temporis

954 2032 1179 2073 intermissos,
1189 2032 1395 2064 restauravit
1406 2031 1540 2074 Iphitus
1546 2032 1656 2064 Prax-
1668 2029 1670 2031 “

955 2083 1054 2116 ondae
1068 2083 1172 2122 filius,
1186 2085 1315 2124 Elaeus,
1332 2087 1369 2116 et
1382 2083 1462 2117 Jovi
1477 2092 1656 2115 consecra-

954 2134 1016 2167 vit.
1056 2134 1150 2167 Hinc
1174 2133 1414 2176 profluxitilla
1428 2132 1653 2166 celeberrima

954 2185 1198 2227 olympiadum
1214 2185 1364 2226 Epoche,
1378 2192 1520 2226 quarum
1544 2183 1655 2225 prima

953 2235 1076 2268 incidit
1103 2236 1138 2267 in
1168 2239 1326 2267 aestatem
1354 2234 1432 2266 anni
1462 2235 1539 2266 777.
1569 2238 1652 2266 ante

954 2287 1124 2319 Christum
1141 2297 1150 2318 ε
1180 2291 1216 2319 et
1238 2285 1361 2327 viginti
1382 2290 1418 2317 et
1436 2284 1568 2316 duobus
1593 2293 1653 2316 an-

953 2337 1005 2369 nis
1022 2337 1189 2379 praecedit
1210 2338 1354 2369 Romam
1368 2336 1552 2368 conditam.
1595 2335 1651 2367 De

954 2388 1211 2430 Olympicorum
1236 2388 1391 2420 ludorum
1421 2391 1458 2419 et
1479 2390 1651 2418 mercatus

954 2440 1097 2481 origine,
1125 2439 1386 2475 restauratione,
1413 2441 1566 2476 auctore,
1591 2436 1651 2478 qui

952 2490 1063 2522 varius
1088 2490 1246 2528 habetur,
1261 2487 1468 2527 solennibus,
1487 2490 1650 2519 accurate

951 2540 1090 2581 scripsit
1105 2539 1290 2572 Pausanias
1303 2538 1498 2570 Eliacorum
1518 2537 1648 2579 priore,

950 2591 1160 2623 Benedictus
1193 2589 1358 2621 Pererius
1393 2589 1470 2621 Soc.
1503 2588 1578 2621 Jes.
1613 2589 1650 2620 iu

950 2640 1134 2682 Principiis
1165 2639 1400 2678 Naturalibus,
1427 2642 1464 2670 et
1493 2638 1649 2679 Scaliger

953 2692 1135 2725 AnimadV.
1149 2690 1275 2724 Euseb.
1297 2689 1403 2722 Pisoeo
1420 2689 1570 2730 Tonanti]
1586 2689 1647 2722 Jo,

952 2744 986 2775 vi
1002 2743 1200 2785 Olympico.
1241 2743 1379 2774 Tonans
1399 2739 1572 2784 proprium
1586 2740 1649 2775 Jo-

951 2795 1004 2829 vis
1019 2795 1210 2839 epitheton.
