1820 3068
209 218 297 262 738

716 229 757 259 P.
792 229 989 260 PAFiNu
1023 229 1190 261 STATH

211 324 415 367 Admota
434 324 658 379 deprendo
679 325 838 367 manu!
869 325 932 367 nil
953 325 1122 368 foedere
1144 329 1292 380 rupto,

211 394 516 437 Connubiisve
539 406 673 447 super
689 406 890 445 moveor,
906 394 1135 449 viduaque
1150 396 1335 450 juventa
1355 409 1367 447 3

1597 397 1687 439 340

210 462 328 513 (Etsi
350 461 511 504 crudus
533 474 672 512 amor,
692 471 777 504 nec
798 462 904 504 dum
923 467 1031 517 post
1051 463 1263 506 flammea
1284 465 1368 507 toti

210 531 443 584 Intepuere
466 529 553 571 tori
573 527 607 584 3)
631 533 712 571 tua
731 543 816 579 me,
837 531 1085 584 properabo
1104 530 1252 582 fateri,

209 598 350 653 Angit
370 602 519 639 amata
539 598 687 640 salus:
721 602 826 639 tune
846 598 1153 649 incomitatus,
1174 599 1358 641 inermis

210 668 367 722 Regna
385 666 549 721 petes?
582 666 841 720 poterisque
863 665 955 707 tuis
977 665 1197 708 decedere
1215 666 1400 718 Thebis,

211 736 263 779 Si
283 735 443 789 neget?
477 737 613 788 atque
634 733 763 776 illum
783 734 924 775 solers
944 733 1216 788 deprendere
1233 747 1409 789 semper

1597 696 1696 778 345-

211 803 356 846 Fama
374 803 525 853 duces,
544 801 765 844 tumidum
784 804 943 851 narrat,
965 806 1179 856 raptoque
1199 803 1455 856 superbum,

211 871 540 925 Difficilemque
560 870 668 912 tibi:
697 883 779 912 nec
799 870 904 911 dum
923 874 1230 912 consumserat
1247 883 1425 913 annum.

211 986 300 1014 tuum
324 983 447 1014 vultum
472 981 618 1023 lacrymis
641 982 757 1022 rigari,
779 985 811 1014 et
836 985 943 1024 pectus
968 983 1090 1014 concuti
1111 984 1235 1023 magnis
1247 983 1520 1016 solicitudinibus!
1544 983 1620 1016 Non
1635 994 1683 1017 me

210 1026 332 1065 tangit,
354 1025 435 1066 quod
461 1025 560 1056 violas
576 1025 684 1064 soedus
697 1035 768 1056 cum
790 1029 884 1066 patre
899 1026 1027 1065 initum,
1049 1028 1081 1057 et
1106 1028 1186 1067 quod
1209 1036 1257 1058 me
1278 1027 1438 1068 conjugem
1461 1031 1548 1059 tuam
1567 1027 1684 1060 deseris

211 1069 341 1100 viduam
353 1068 388 1099 in
405 1068 544 1107 juveniti
559 1071 665 1108 oetate,
687 1067 766 1108 (etsi
780 1078 869 1099 amor
882 1079 988 1101 recens
1002 1068 1103 1100 adhuc
1117 1070 1175 1107 sit,
1197 1073 1226 1100 ea
1246 1071 1382 1101 nondum
1396 1074 1481 1102 lotus
1495 1072 1592 1103 lectus
1604 1071 1683 1102 cale-

203 1112 326 1151 factus,
341 1111 452 1152 primis
466 1111 649 1151 nuptiarum
663 1111 772 1143 diebus
782 1110 810 1150 ;)
831 1114 887 1143 tua
900 1113 987 1145 salus
1001 1111 1115 1143 dilecta
1129 1113 1304 1152 (festinabo
1318 1112 1438 1155 dicere)
1453 1124 1501 1146 me
1512 1115 1685 1147 excruciat.

214 1154 301 1186 Tune
314 1155 409 1192 solus,
431 1158 462 1186 et
475 1154 545 1185 sine
559 1154 657 1195 copiis
671 1164 803 1194 regnum
816 1158 905 1187 tuum
916 1164 1067 1196 reposces,
1082 1158 1114 1186 et
1127 1155 1256 1195 poteris,
1270 1156 1299 1186 si
1313 1155 1431 1188 abnuat
1437 1157 1558 1196 frater,
1578 1157 1684 1188 salvus

214 1197 328 1229 Thebis
353 1197 416 1229 tuis
442 1197 551 1229 exire?
572 1198 619 1229 Et
634 1196 729 1236 fama
749 1207 873 1238 semper
894 1198 1062 1237 ingeniosa
1075 1199 1116 1229 mi
1131 1199 1316 1238 detegendos
1328 1209 1440 1240 regum
1453 1209 1563 1236 mores,
1584 1199 1685 1239 refert

208 1239 299 1273 illum
312 1243 524 1282 arrogantem,
544 1244 577 1273 et
592 1244 681 1282 rapto
696 1240 857 1283 inflatum,
879 1244 911 1273 et
934 1241 994 1273 tibi
1019 1241 1192 1282 molestum,
1213 1252 1283 1274 cum
1304 1244 1439 1276 nondum
1452 1253 1566 1275 anuum
1579 1245 1682 1275 trans-

822 1338 1060 1351 eeeooeaeaelaeo‘

210 1405 274 1435 344
297 1403 461 1436 Petreus.
476 1404 624 1436 excedere
640 1402 775 1442 Thebis;
798 1407 835 1435 et
850 1413 913 1445 pro
928 1413 961 1435 v.
981 1403 1004 1434 l.
1020 1404 1176 1435 discedere
1185 1413 1199 1441 ,·
1222 1402 1332 1435 codex
1343 1402 1545 1444 Burmanni,
1556 1403 1682 1436 descen-

211 1447 307 1484 dere;
330 1447 422 1488 quod
451 1451 487 1478 et
513 1447 678 1478 Beliotius
703 1446 881 1488 agnoscit3
905 1445 1034 1478 Thebae
1063 1447 1153 1478 enim
1182 1447 1216 1478 in
1242 1446 1385 1479 collibus
1410 1447 1499 1479 sitae.
1523 1447 1682 1489 poterisne

212 1490 277 1521 tuis
292 1490 735 1522 maiitBurmannus.—346
761 1490 858 1521 Fama
878 1491 986 1521 ducem
1000 1499 1087 1521 unus
1102 1489 1228 1522 Beliot.
1242 1499 1399 1531 regnoque
1412 1489 1575 1531 superbum
1590 1492 1681 1532 opti·

210 1542 275 1564 mae
291 1533 428 1566 Barthii
445 1533 775 1565 membranae.—34⁷
799 1532 925 1564 Behot.
940 1543 979 1564 ne
993 1533 1067 1564 dum
1076 1537 1295 1565 consumserat.
1340 1534 1351 1551 ⁸
1368 1532 1484 1564 Probo
1498 1533 1682 1566 lectionem

211 1576 333 1614 optimi
349 1576 682 1617 exemplaris,quam
706 1575 809 1607 etiam
826 1575 858 1606 in
875 1575 950 1606 aliis
973 1575 1145 1607 inventam
1162 1575 1290 1607 docent
1311 1575 1500 1608 doctissimi
1515 1575 1601 1608 viri:
1624 1586 1682 1608 nec

211 1620 285 1650 dum
309 1618 535 1651 consumsem'tl
581 1619 639 1650 lta
663 1619 843 1658 Barstrius,
866 1619 924 1660 qui
952 1628 994 1649 ex
1022 1620 1166 1659 antiqua
1197 1618 1311 1659 glossa
1335 1618 1428 1659 conj.
1453 1619 1682 1661 Difficilemque

209 1662 269 1694 tibi
283 1672 353 1694 cum
367 1672 424 1695 nec
438 1663 513 1694 dum
533 1661 720 1694 insum-serat
742 1671 868 1694 annum.
913 1661 1065 1702 Lipsian.
1081 1662 1279 1694 Bernartii:
1301 1671 1357 1694 nec
1371 1662 1447 1693 dam
1468 1662 1680 1703 casumpmit.

870 1752 1012 1785 NOTAE

207 1829 241 1860 id
271 1831 338 1869 est,
363 1837 408 1860 ex
435 1827 566 1868 magnis
589 1828 681 1860 curis
705 1828 914 1860 tumultuan-

172 1899 178 1906 2
209 1881 271 1912 tia.

251 1933 316 1963 339
354 1930 416 1961 Nil
438 1930 561 1968 soedere
581 1932 687 1970 rupto,
706 1929 915 1961 Connubiiste

207 1991 300 2024 super
311 1990 444 2021 moreor,
459 1981 612 2021 viduaque
615 1979 764 2020 juventa]
788 1979 914 2011 Orato-

206 2033 257 2065 rie
272 2031 420 2064 omniuo.
464 2029 560 2062 Dicit
579 2039 616 2061 se
645 2039 743 2061 suum
767 2039 915 2062 commo-

209 2083 290 2116 dum
302 2082 498 2114 nullatenus
512 2080 699 2121 respicere,
713 2080 773 2112 sed
790 2081 916 2112 mariti.

211 2131 421 2165 Connubiisve
447 2140 542 2172 super
566 2130 704 2171 moveor]
727 2130 915 2172 Virgilius:

206 2185 217 2203 ‘
229 2185 290 2217 Nil
305 2193 412 2225 super
425 2182 571 2223 imperio
586 2180 749 2213 moveor-⁹
798 2181 915 2213 Vidua-

208 2245 265 2277 que
268 2234 421 2276 juventa]
445 2232 549 2267 Quod
563 2242 618 2264 me
635 2233 766 2265 deseris
787 2232 822 2264 iu
845 2238 916 2265 tam

206 2285 354 2328 juvenili
367 2290 484 2316 aetate.

249 2339 313 2369 341
337 2334 514 2376 Flammea]
534 2335 744 2367 Flammeum
760 2339 837 2367 erat
859 2345 916 2367 ve·

206 2388 292 2428 lum,
307 2396 376 2428 quo
400 2385 628 2418 amiciebatur
650 2385 796 2422 nubens,
814 2393 851 2417 ut
866 2385 917 2417 ait

207 2439 345 2479 Festus,
360 2437 480 2469 ominis
509 2436 590 2468 boni
619 2446 735 2475 causa,
757 2437 847 2479 quod
874 2446 915 2469 eo

209 2489 347 2521 assidue
362 2487 527 2520 utebatur
552 2486 751 2528 Flaminica,
773 2487 828 2519 cui
845 2497 914 2519 uon

206 2539 335 2572 licebat
349 2538 466 2571 facere
482 2538 677 2570 divortium.

251 2593 316 2622 242
342 2590 410 2621 Tua
431 2599 479 2621 me
493 2588 596 2628 Angit
618 2591 723 2619 amata
737 2587 835 2628 salus]
857 2588 915 2620 Sic

209 2641 268 2681 ait,
284 2645 324 2671 ut
340 2640 475 2671 vincat:
498 2639 581 2680 quia
602 2638 684 2669 nihil
702 2644 846 2679 propter
860 2649 914 2670 su-

208 2700 264 2722 um
280 2690 498 2722 commodum
512 2689 636 2720 suadet
651 2700 660 2721 :
684 2689 745 2721 sed
766 2688 914 2721 affirmat

206 2751 246 2774 se
260 2741 414 2784 torqueri
431 2751 536 2773 causa
551 2741 677 2773 mariti.

250 2793 313 2824 344
338 2790 523 2832 poterisque
539 2791 603 2823 tuis
622 2792 769 2824 decedere
788 2790 911 2832 Thebis,

969 1828 1007 1860 Si
1022 1829 1130 1870 neget]
1155 1829 1195 1861 Id
1224 1832 1293 1870 est,
1310 1828 1523 1871 pereundum
1540 1828 1602 1861 tibi
1625 1832 1680 1861 est

969 1878 1103 1910 insidiis
1126 1877 1257 1916 fratris,
1272 1879 1301 1911 si
1318 1879 1380 1911 tibi
1395 1888 1523 1920 negare
1535 1888 1678 1920 reguum

970 1930 1200 1961 constituerit.
1243 1929 1394 1962 Timebit
1416 1929 1508 1962 enim
1527 1938 1584 1966 ue,
1597 1930 1625 1961 si
1642 1934 1677 1961 te

970 1981 1061 2012 sinat
1085 1980 1278 2022 discedere,
1291 1981 1418 2013 bellum
1446 1980 1512 2013 sibi
1537 1979 1679 2021 inferas,

970 2041 1181 2073 regnumque
1196 2031 1335 2072 eripias.

1012 2085 1075 2114 345
1099 2082 1207 2114 solers
1230 2083 1420 2123 deprendere
1444 2082 1544 2114 Fam
1568 2082 1676 2123 duces]

971 2133 1056 2166 Cum
1071 2133 1186 2165 omnia
1201 2132 1291 2165 facta
1307 2132 1517 2174 principum,
1542 2141 1677 2164 eorum-

972 2194 1038 2227 que
1060 2183 1202 2216 interior
1228 2183 1298 2216 vita
1319 2182 1468 2215 omnium
1483 2182 1592 2215 oculis
1616 2191 1677 2224 pa-

971 2239 1057 2276 teat,
1073 2234 1176 2267 facile
1191 2228 1392 2277 conjectura
1402 2232 1536 2275 percipi
1550 2235 1678 2274 potest,

970 2286 1095 2329 quibus
1107 2285 1272 2326 moribus,
1283 2294 1393 2328 quave
1408 2284 1524 2317 indole
1536 2283 1678 2326 praediti

971 2339 1052 2370 sint·
1096 2337 1237 2376 ‘Dicta,
1261 2336 1424 2378 factaque
1456 2333 1676 2376 principum:

970 2388 1022 2420 ait
1043 2388 1179 2420 Seneca
1198 2387 1242 2419 de
1269 2386 1462 2420 Clementia
1476 2385 1536 2418 lib.
1549 2395 1576 2419 1.
1598 2387 1677 2427 cip.

969 2441 1002 2471 8.
1034 2439 1044 2456 ‘
1068 2448 1184 2471 rumor
1212 2438 1364 2480 excipit:
1401 2441 1439 2470 et
1466 2437 1546 2469 ideo
1570 2436 1674 2469 nullis

968 2489 1077 2530 magis
1091 2488 1283 2520 cavendum
1298 2491 1365 2529 est,
1388 2487 1525 2530 qualem
1548 2484 1675 2518 famam

969 2538 1133 2579 habeant,
1161 2548 1263 2580 quam
1292 2538 1364 2580 qui,
1390 2537 1673 2579 qualemcumque

970 2590 1174 2629 meruerint,
1187 2599 1344 2630 magnam
1357 2587 1509 2620 babituri
1522 2585 1617 2619 sint?

1012 2643 1075 2672 347
1099 2640 1331 2682 Difficilemque
1342 2638 1422 2671 tibi.-
1443 2647 1500 2670 nec
1513 2638 1588 2669 dum
1599 2647 1673 2670 con-

967 2693 1123 2722 sumserat
1151 2689 1280 2730 annum]
1303 2689 1341 2722 Si
1366 2688 1430 2720 tibi
1455 2685 1605 2719 difficilis
1635 2692 1674 2729 et

968 2739 1109 2772 infestus
1122 2743 1210 2779 erat,
1221 2739 1373 2772 nondum
1380 2739 1497 2780 elapso
1511 2747 1601 2771 auno
1611 2738 1673 2771 im·

969 2790 1069 2832 perii,
1092 2789 1171 2832 quid
1210 2794 1312 2831 putas
1340 2798 1432 2821 nuuc
1461 2788 1674 2830 moliturum,
