<?xml version="1.0" encoding="UTF-8"?>
<!DOCTYPE html PUBLIC "-//W3C//DTD XHTML 1.0 Transitional//EN"
    "http://www.w3.org/TR/xhtml1/DTD/xhtml1-transitional.dtd">
<html xmlns="http://www.w3.org/1999/xhtml" xml:lang="en" lang="en">
 <head>
  <title>
</title>
<meta http-equiv="Content-Type" content="text/html;charset=utf-8" />
  <meta name='ocr-system' content='tesseract 3.04.00' />
  <meta name='ocr-capabilities' content='ocr_page ocr_carea ocr_par ocr_line ocrx_word'/>
</head>
<body>
  <div class='ocr_page' id='page_1' title='image "./operaomniaexedit02statuoft_0188.png"; bbox 0 0 1820 3068; ppageno 0'>
   <div class='ocr_carea' id='block_1_1' title="bbox 222 231 1194 279">
    <p class='ocr_par' dir='ltr' id='par_1_1' title="bbox 222 231 1194 279">
     <span class='ocr_line' id='line_1_1' title="bbox 222 231 1194 279; baseline 0.006 -6"><span class='ocrx_word' id='word_1_1' title='bbox 222 231 309 274; x_wconf 74' lang='lat'><strong>‘772</strong></span> <span class='ocrx_word' id='word_1_2' title='bbox 724 246 767 276; x_wconf 82' lang='lat' dir='ltr'><strong>P.</strong></span> <span class='ocrx_word' id='word_1_3' title='bbox 801 244 993 277; x_wconf 74' lang='lat' dir='ltr'><strong>PAPmu</strong></span> <span class='ocrx_word' id='word_1_4' title='bbox 1025 245 1194 279; x_wconf 76' lang='lat' dir='ltr'><strong>srA&#39;rn</strong></span> 
     </span>
    </p>
   </div>
   <div class='ocr_carea' id='block_1_2' title="bbox 223 339 1520 1215">
    <p class='ocr_par' dir='ltr' id='par_1_2' title="bbox 223 339 1178 385">
     <span class='ocr_line' id='line_1_2' title="bbox 223 339 1178 385; baseline 0.004 -4"><span class='ocrx_word' id='word_1_5' title='bbox 223 339 467 382; x_wconf 85' lang='lat' dir='ltr'><strong>Privavere</strong></span> <span class='ocrx_word' id='word_1_6' title='bbox 486 339 598 382; x_wconf 84' lang='lat' dir='ltr'><strong>fide:</strong></span> <span class='ocrx_word' id='word_1_7' title='bbox 628 340 726 383; x_wconf 88' lang='lat' dir='ltr'><strong>vita</strong></span> <span class='ocrx_word' id='word_1_8' title='bbox 746 341 1024 384; x_wconf 88' lang='lat' dir='ltr'><strong>miserandus</strong></span> <span class='ocrx_word' id='word_1_9' title='bbox 1045 343 1178 385; x_wconf 90' lang='lat' dir='ltr'><strong>inerti</strong></span> 
     </span>
    </p>

    <p class='ocr_par' dir='ltr' id='par_1_3' title="bbox 225 406 1520 598">
     <span class='ocr_line' id='line_1_3' title="bbox 225 406 1349 463; baseline 0.005 -14"><span class='ocrx_word' id='word_1_10' title='bbox 225 406 500 450; x_wconf 85' lang='lat' dir='ltr'><strong>Damnatur:</strong></span> <span class='ocrx_word' id='word_1_11' title='bbox 530 407 703 463; x_wconf 86' lang='lat' dir='ltr'><strong>trepido</strong></span> <span class='ocrx_word' id='word_1_12' title='bbox 723 407 908 463; x_wconf 85' lang='lat' dir='ltr'><strong>Tydeus</strong></span> <span class='ocrx_word' id='word_1_13' title='bbox 930 410 1115 452; x_wconf 87' lang='lat' dir='ltr'><strong>immitia</strong></span> <span class='ocrx_word' id='word_1_14' title='bbox 1133 411 1319 455; x_wconf 81' lang='lat' dir='ltr'><strong>mandat</strong></span> <span class='ocrx_word' id='word_1_15' title='bbox 1340 427 1349 454; x_wconf 93' lang='lat'>:</span> 
     </span>
     <span class='ocr_line' id='line_1_4' title="bbox 227 474 1520 531; baseline 0.006 -15"><span class='ocrx_word' id='word_1_16' title='bbox 227 474 448 530; x_wconf 84' lang='lat' dir='ltr'><strong>Quisquis</strong></span> <span class='ocrx_word' id='word_1_17' title='bbox 469 489 518 517; x_wconf 89' lang='lat' dir='ltr'><strong>es</strong></span> <span class='ocrx_word' id='word_1_18' title='bbox 541 475 785 527; x_wconf 86' lang='lat' dir='ltr'><strong>Aonidum,</strong></span> <span class='ocrx_word' id='word_1_19' title='bbox 806 490 940 531; x_wconf 89' lang='lat' dir='ltr'><strong>quem</strong></span> <span class='ocrx_word' id='word_1_20' title='bbox 961 479 1156 521; x_wconf 87' lang='lat' dir='ltr'><strong>crastina</strong></span> <span class='ocrx_word' id='word_1_21' title='bbox 1175 493 1350 522; x_wconf 88' lang='lat' dir='ltr'><strong>munere</strong></span> <span class='ocrx_word' id='word_1_22' title='bbox 1370 485 1520 524; x_wconf 87' lang='lat' dir='ltr'><strong>nostro</strong></span> 
     </span>
     <span class='ocr_line' id='line_1_5' title="bbox 226 542 1271 598; baseline 0.005 -14"><span class='ocrx_word' id='word_1_23' title='bbox 226 542 442 585; x_wconf 85' lang='lat' dir='ltr'><strong>Manibus</strong></span> <span class='ocrx_word' id='word_1_24' title='bbox 464 548 687 586; x_wconf 84' lang='lat' dir='ltr'><strong>exemtum</strong></span> <span class='ocrx_word' id='word_1_25' title='bbox 707 545 867 587; x_wconf 90' lang='lat' dir='ltr'><strong>mediis</strong></span> <span class='ocrx_word' id='word_1_26' title='bbox 889 544 1067 589; x_wconf 86' lang='lat' dir='ltr'><strong>Aurora</strong></span> <span class='ocrx_word' id='word_1_27' title='bbox 1087 547 1271 598; x_wconf 85' lang='lat' dir='ltr'><strong>videbit,</strong></span> 
     </span>
    </p>

    <p class='ocr_par' dir='ltr' id='par_1_4' title="bbox 225 611 1406 938">
     <span class='ocr_line' id='line_1_6' title="bbox 225 611 1406 670; baseline 0.006 -18"><span class='ocrx_word' id='word_1_28' title='bbox 225 611 347 653; x_wconf 84' lang='lat' dir='ltr'><strong>Haec</strong></span> <span class='ocrx_word' id='word_1_29' title='bbox 360 611 501 665; x_wconf 85' lang='lat' dir='ltr'><strong>jubeo</strong></span> <span class='ocrx_word' id='word_1_30' title='bbox 523 611 718 666; x_wconf 85' lang='lat' dir='ltr'><strong>perferre</strong></span> <span class='ocrx_word' id='word_1_31' title='bbox 738 611 870 656; x_wconf 88' lang='lat' dir='ltr'><strong>duci:</strong></span> <span class='ocrx_word' id='word_1_32' title='bbox 900 614 1026 668; x_wconf 84' lang='lat' dir='ltr'><strong>cinge</strong></span> <span class='ocrx_word' id='word_1_33' title='bbox 1046 627 1201 669; x_wconf 84' lang='lat' dir='ltr'>aggere</span> <span class='ocrx_word' id='word_1_34' title='bbox 1223 620 1406 670; x_wconf 77' lang='lat' dir='ltr'><strong>portas:</strong></span> 
     </span>
     <span class='ocr_line' id='line_1_7' title="bbox 225 678 1345 736; baseline 0.005 -16"><span class='ocrx_word' id='word_1_35' title='bbox 225 678 342 720; x_wconf 85' lang='lat' dir='ltr'><strong>Tela</strong></span> <span class='ocrx_word' id='word_1_36' title='bbox 361 691 505 721; x_wconf 88' lang='lat' dir='ltr'><strong>nova:</strong></span> <span class='ocrx_word' id='word_1_37' title='bbox 535 678 718 734; x_wconf 83' lang='lat' dir='ltr'><strong>fragiles</strong></span> <span class='ocrx_word' id='word_1_38' title='bbox 735 693 833 722; x_wconf 85' lang='lat' dir='ltr'><strong>aevo</strong></span> <span class='ocrx_word' id='word_1_39' title='bbox 854 680 1150 736; x_wconf 85' lang='lat' dir='ltr'><strong>circumspice</strong></span> <span class='ocrx_word' id='word_1_40' title='bbox 1169 696 1345 726; x_wconf 86' lang='lat' dir='ltr'><strong>muros:</strong></span> 
     </span>
     <span class='ocr_line' id='line_1_8' title="bbox 226 745 1322 805; baseline 0.006 -18"><span class='ocrx_word' id='word_1_41' title='bbox 226 745 463 801; x_wconf 88' lang='lat' dir='ltr'><strong>Praecipue</strong></span> <span class='ocrx_word' id='word_1_42' title='bbox 485 748 653 802; x_wconf 85' lang='lat' dir='ltr'><strong>stipare</strong></span> <span class='ocrx_word' id='word_1_43' title='bbox 674 749 808 800; x_wconf 82' lang='lat' dir='ltr'><strong>viros,</strong></span> <span class='ocrx_word' id='word_1_44' title='bbox 828 749 1078 805; x_wconf 90' lang='lat' dir='ltr'><strong>densasque</strong></span> <span class='ocrx_word' id='word_1_45' title='bbox 1097 756 1322 794; x_wconf 86' lang='lat' dir='ltr'><strong>memento</strong></span> 
     </span>
     <span class='ocr_line' id='line_1_9' title="bbox 227 813 1393 873; baseline 0.006 -18"><span class='ocrx_word' id='word_1_46' title='bbox 227 813 531 869; x_wconf 88' lang='lat' dir='ltr'><strong>Multiplicare</strong></span> <span class='ocrx_word' id='word_1_47' title='bbox 553 815 699 858; x_wconf 88' lang='lat' dir='ltr'><strong>acies:</strong></span> <span class='ocrx_word' id='word_1_48' title='bbox 729 816 975 859; x_wconf 85' lang='lat' dir='ltr'><strong>fumantem</strong></span> <span class='ocrx_word' id='word_1_49' title='bbox 994 818 1111 860; x_wconf 88' lang='lat' dir='ltr'><strong>hunc</strong></span> <span class='ocrx_word' id='word_1_50' title='bbox 1132 818 1286 873; x_wconf 80' lang='lat' dir='ltr'><strong>aspice</strong></span> <span class='ocrx_word' id='word_1_51' title='bbox 1303 819 1393 862; x_wconf 90' lang='lat' dir='ltr'><strong>late</strong></span> 
     </span>
     <span class='ocr_line' id='line_1_10' title="bbox 226 883 1315 938; baseline 0.004 -14"><span class='ocrx_word' id='word_1_52' title='bbox 226 883 350 924; x_wconf 86' lang='lat' dir='ltr'><strong>Ense</strong></span> <span class='ocrx_word' id='word_1_53' title='bbox 370 897 470 926; x_wconf 89' lang='lat' dir='ltr'><strong>meo</strong></span> <span class='ocrx_word' id='word_1_54' title='bbox 493 896 697 938; x_wconf 90' lang='lat' dir='ltr'><strong>campum</strong></span> <span class='ocrx_word' id='word_1_55' title='bbox 717 897 727 926; x_wconf 90' lang='lat'>:</span> <span class='ocrx_word' id='word_1_56' title='bbox 759 884 872 926; x_wconf 87' lang='lat' dir='ltr'><strong>tales</strong></span> <span class='ocrx_word' id='word_1_57' title='bbox 894 886 940 926; x_wconf 89' lang='lat' dir='ltr'><strong>in</strong></span> <span class='ocrx_word' id='word_1_58' title='bbox 963 885 1083 927; x_wconf 90' lang='lat' dir='ltr'><strong>bella</strong></span> <span class='ocrx_word' id='word_1_59' title='bbox 1103 886 1315 928; x_wconf 87' lang='lat' dir='ltr'><strong>venimus.</strong></span> 
     </span>
    </p>

    <p class='ocr_par' dir='ltr' id='par_1_5' title="bbox 224 949 1502 1215">
     <span class='ocr_line' id='line_1_11' title="bbox 227 949 1502 1006; baseline 0.005 -16"><span class='ocrx_word' id='word_1_60' title='bbox 227 949 346 992; x_wconf 87' lang='lat' dir='ltr'><strong>Haec</strong></span> <span class='ocrx_word' id='word_1_61' title='bbox 366 951 442 1002; x_wconf 90' lang='lat' dir='ltr'><strong>ait,</strong></span> <span class='ocrx_word' id='word_1_62' title='bbox 464 956 512 993; x_wconf 81' lang='lat' dir='ltr'><strong>et</strong></span> <span class='ocrx_word' id='word_1_63' title='bbox 531 951 703 994; x_wconf 87' lang='lat' dir='ltr'><strong>meritae</strong></span> <span class='ocrx_word' id='word_1_64' title='bbox 726 952 964 1006; x_wconf 85' lang='lat' dir='ltr'><strong>pulchrum</strong></span> <span class='ocrx_word' id='word_1_65' title='bbox 984 952 1081 1002; x_wconf 86' lang='lat' dir='ltr'><strong>tibi,</strong></span> <span class='ocrx_word' id='word_1_66' title='bbox 1102 953 1277 1006; x_wconf 87' lang='lat' dir='ltr'><strong>Pallas,</strong></span> <span class='ocrx_word' id='word_1_67' title='bbox 1298 953 1502 997; x_wconf 88' lang='lat' dir='ltr'><strong>honorem</strong></span> 
     </span>
     <span class='ocr_line' id='line_1_12' title="bbox 225 1017 1433 1076; baseline 0.005 -18"><span class='ocrx_word' id='word_1_68' title='bbox 225 1017 480 1071; x_wconf 86' lang='lat' dir='ltr'><strong>Sanguinea</strong></span> <span class='ocrx_word' id='word_1_69' title='bbox 500 1019 554 1061; x_wconf 91' lang='lat' dir='ltr'><strong>de</strong></span> <span class='ocrx_word' id='word_1_70' title='bbox 576 1024 722 1074; x_wconf 84' lang='lat' dir='ltr'><strong>strage</strong></span> <span class='ocrx_word' id='word_1_71' title='bbox 743 1023 886 1074; x_wconf 85' lang='lat' dir='ltr'><strong>parat,</strong></span> <span class='ocrx_word' id='word_1_72' title='bbox 908 1020 1197 1076; x_wconf 80' lang='lat' dir='ltr'><strong>praedamque</strong></span> <span class='ocrx_word' id='word_1_73' title='bbox 1205 1021 1433 1076; x_wconf 84' lang='lat' dir='ltr'><strong>jacentem</strong></span> 
     </span>
     <span class='ocr_line' id='line_1_13' title="bbox 224 1089 1376 1144; baseline 0.002 -15"><span class='ocrx_word' id='word_1_74' title='bbox 224 1089 488 1143; x_wconf 85' lang='lat' dir='ltr'><strong>Comportat</strong></span> <span class='ocrx_word' id='word_1_75' title='bbox 506 1089 718 1142; x_wconf 85' lang='lat' dir='ltr'><strong>gaudenS,</strong></span> <span class='ocrx_word' id='word_1_76' title='bbox 740 1089 1024 1144; x_wconf 85' lang='lat' dir='ltr'><strong>ingentiaque</strong></span> <span class='ocrx_word' id='word_1_77' title='bbox 1046 1094 1150 1131; x_wconf 89' lang='lat' dir='ltr'><strong>acta</strong></span> <span class='ocrx_word' id='word_1_78' title='bbox 1166 1094 1376 1133; x_wconf 89' lang='lat' dir='ltr'><strong>recenset.</strong></span> 
     </span>
     <span class='ocr_line' id='line_1_14' title="bbox 225 1154 1412 1215; baseline 0.003 -18"><span class='ocrx_word' id='word_1_79' title='bbox 225 1154 431 1207; x_wconf 87' lang='lat' dir='ltr'><strong>Quercus</strong></span> <span class='ocrx_word' id='word_1_80' title='bbox 453 1161 549 1198; x_wconf 90' lang='lat' dir='ltr'><strong>erat</strong></span> <span class='ocrx_word' id='word_1_81' title='bbox 568 1160 734 1199; x_wconf 77' lang='lat' dir='ltr'><strong>tenerae</strong></span> <span class='ocrx_word' id='word_1_82' title='bbox 748 1156 843 1211; x_wconf 88' lang='lat' dir='ltr'><strong>jam</strong></span> <span class='ocrx_word' id='word_1_83' title='bbox 864 1157 1041 1212; x_wconf 85' lang='lat' dir='ltr'><strong>longum</strong></span> <span class='ocrx_word' id='word_1_84' title='bbox 1061 1158 1202 1215; x_wconf 79' lang='lat' dir='ltr'><strong>oblita</strong></span> <span class='ocrx_word' id='word_1_85' title='bbox 1214 1158 1412 1214; x_wconf 76' lang='lat' dir='ltr'><strong>Juventae</strong></span> 
     </span>
    </p>
   </div>
   <div class='ocr_carea' id='block_1_3' title="bbox 1607 348 1695 390">
    <p class='ocr_par' dir='ltr' id='par_1_6' title="bbox 1607 348 1695 390">
     <span class='ocr_line' id='line_1_15' title="bbox 1607 348 1695 390; baseline 0 0"><span class='ocrx_word' id='word_1_86' title='bbox 1607 348 1695 390; x_wconf 79' lang='lat'><strong>695</strong></span> 
     </span>
    </p>
   </div>
   <div class='ocr_carea' id='block_1_4' title="bbox 1607 686 1703 729">
    <p class='ocr_par' dir='ltr' id='par_1_7' title="bbox 1607 686 1703 729">
     <span class='ocr_line' id='line_1_16' title="bbox 1607 686 1703 729; baseline 0 0"><span class='ocrx_word' id='word_1_87' title='bbox 1607 686 1692 729; x_wconf 86' lang='grc'><strong>700</strong></span> <span class='ocrx_word' id='word_1_88' title='bbox 1699 704 1703 706; x_wconf 61' lang='grc'>’</span> 
     </span>
    </p>
   </div>
   <div class='ocr_carea' id='block_1_5' title="bbox 1605 1026 1691 1068">
    <p class='ocr_par' dir='ltr' id='par_1_8' title="bbox 1605 1026 1691 1068">
     <span class='ocr_line' id='line_1_17' title="bbox 1605 1026 1691 1068; baseline 0.023 -2"><span class='ocrx_word' id='word_1_89' title='bbox 1605 1026 1691 1068; x_wconf 82' lang='grc'><strong>705</strong></span> 
     </span>
    </p>
   </div>
   <div class='ocr_carea' id='block_1_6' title="bbox 213 1262 1690 1607">
    <p class='ocr_par' dir='ltr' id='par_1_9' title="bbox 213 1262 1690 1607">
     <span class='ocr_line' id='line_1_18' title="bbox 213 1262 1688 1307; baseline 0.002 -13"><span class='ocrx_word' id='word_1_90' title='bbox 213 1262 317 1304; x_wconf 79' lang='lat' dir='ltr'><strong>fidem</strong></span> <span class='ocrx_word' id='word_1_91' title='bbox 331 1263 396 1302; x_wconf 67' lang='lat' dir='ltr'><strong>qius</strong></span> <span class='ocrx_word' id='word_1_92' title='bbox 408 1263 558 1295; x_wconf 76' lang='lat' dir='ltr'><strong>consil-iis.</strong></span> <span class='ocrx_word' id='word_1_93' title='bbox 608 1263 829 1305; x_wconf 77' lang='lat' dir='ltr'><strong>Deplorandus</strong></span> <span class='ocrx_word' id='word_1_94' title='bbox 843 1264 1004 1297; x_wconf 74' lang='lat' dir='ltr'><strong>addicitur</strong></span> <span class='ocrx_word' id='word_1_95' title='bbox 1017 1264 1176 1296; x_wconf 69' lang='lat' dir='ltr'><strong>inhonorae</strong></span> <span class='ocrx_word' id='word_1_96' title='bbox 1191 1265 1277 1298; x_wconf 62' lang='grc' dir='ltr'><strong><em>υἱέα.</em></strong></span> <span class='ocrx_word' id='word_1_97' title='bbox 1318 1265 1441 1307; x_wconf 76' lang='lat' dir='ltr'><strong>Tydeus</strong></span> <span class='ocrx_word' id='word_1_98' title='bbox 1453 1266 1565 1298; x_wconf 80' lang='lat' dir='ltr'><strong>acerba</strong></span> <span class='ocrx_word' id='word_1_99' title='bbox 1571 1265 1688 1306; x_wconf 78' lang='lat' dir='ltr'><strong>praeci-</strong></span> 
     </span>
     <span class='ocr_line' id='line_1_19' title="bbox 220 1306 1689 1351; baseline 0.002 -15"><span class='ocrx_word' id='word_1_100' title='bbox 220 1307 272 1346; x_wconf 75' lang='lat' dir='ltr'><strong>pit</strong></span> <span class='ocrx_word' id='word_1_101' title='bbox 287 1307 446 1338; x_wconf 79' lang='lat' dir='ltr'><strong>trementi.</strong></span> <span class='ocrx_word' id='word_1_102' title='bbox 493 1306 642 1347; x_wconf 78' lang='lat' dir='ltr'><strong>Quisquis</strong></span> <span class='ocrx_word' id='word_1_103' title='bbox 656 1317 688 1338; x_wconf 76' lang='lat' dir='ltr'><strong>es</strong></span> <span class='ocrx_word' id='word_1_104' title='bbox 704 1307 929 1347; x_wconf 78' lang='lat' dir='ltr'><strong>Thebanorum,</strong></span> <span class='ocrx_word' id='word_1_105' title='bbox 950 1317 1040 1349; x_wconf 83' lang='lat' dir='ltr'><strong>quem</strong></span> <span class='ocrx_word' id='word_1_106' title='bbox 1054 1309 1211 1340; x_wconf 76' lang='lat' dir='ltr'><strong>crastinus</strong></span> <span class='ocrx_word' id='word_1_107' title='bbox 1224 1309 1291 1340; x_wconf 78' lang='lat' dir='ltr'><strong>dies</strong></span> <span class='ocrx_word' id='word_1_108' title='bbox 1304 1312 1409 1341; x_wconf 81' lang='lat' dir='ltr'><strong>cernet</strong></span> <span class='ocrx_word' id='word_1_109' title='bbox 1422 1312 1530 1340; x_wconf 68' lang='lat' dir='ltr'><strong>nostro</strong></span> <span class='ocrx_word' id='word_1_110' title='bbox 1543 1309 1689 1351; x_wconf 67' lang='lat' dir='ltr'><strong>benfficio</strong></span> 
     </span>
     <span class='ocr_line' id='line_1_20' title="bbox 225 1349 1688 1393; baseline 0.003 -14"><span class='ocrx_word' id='word_1_111' title='bbox 225 1352 365 1388; x_wconf 82' lang='lat' dir='ltr'><strong>ereptum</strong></span> <span class='ocrx_word' id='word_1_112' title='bbox 379 1359 396 1380; x_wconf 80' lang='lat' dir='ltr'><strong>e</strong></span> <span class='ocrx_word' id='word_1_113' title='bbox 411 1349 513 1381; x_wconf 79' lang='lat' dir='ltr'><strong>media</strong></span> <span class='ocrx_word' id='word_1_114' title='bbox 535 1353 647 1390; x_wconf 85' lang='lat' dir='ltr'><strong>morte,</strong></span> <span class='ocrx_word' id='word_1_115' title='bbox 668 1350 734 1382; x_wconf 83' lang='lat' dir='ltr'><strong>hoec</strong></span> <span class='ocrx_word' id='word_1_116' title='bbox 750 1351 869 1391; x_wconf 78' lang='lat' dir='ltr'><strong>impero</strong></span> <span class='ocrx_word' id='word_1_117' title='bbox 891 1350 1075 1383; x_wconf 81' lang='lat' dir='ltr'><strong>renuntiare</strong></span> <span class='ocrx_word' id='word_1_118' title='bbox 1087 1354 1141 1382; x_wconf 78' lang='lat' dir='ltr'><strong>tuo</strong></span> <span class='ocrx_word' id='word_1_119' title='bbox 1154 1351 1292 1393; x_wconf 78' lang='lat' dir='ltr'><strong>principi</strong></span> <span class='ocrx_word' id='word_1_120' title='bbox 1303 1362 1315 1383; x_wconf 93' lang='lat'><strong>.·</strong></span> <span class='ocrx_word' id='word_1_121' title='bbox 1344 1352 1432 1383; x_wconf 77' lang='lat' dir='ltr'><strong>muni</strong></span> <span class='ocrx_word' id='word_1_122' title='bbox 1457 1352 1539 1383; x_wconf 77' lang='lat' dir='ltr'><strong>vallo</strong></span> <span class='ocrx_word' id='word_1_123' title='bbox 1559 1357 1688 1392; x_wconf 75' lang='lat' dir='ltr'><strong>portas.-</strong></span> 
     </span>
     <span class='ocr_line' id='line_1_21' title="bbox 222 1393 1690 1435; baseline 0.003 -13"><span class='ocrx_word' id='word_1_124' title='bbox 222 1401 312 1429; x_wconf 77' lang='lat' dir='ltr'><strong>arma</strong></span> <span class='ocrx_word' id='word_1_125' title='bbox 328 1396 492 1424; x_wconf 79' lang='lat' dir='ltr'><strong>restaura.-</strong></span> <span class='ocrx_word' id='word_1_126' title='bbox 514 1393 747 1424; x_wconf 81' lang='lat' dir='ltr'><strong>circumlustres</strong></span> <span class='ocrx_word' id='word_1_127' title='bbox 767 1394 882 1425; x_wconf 69' lang='lat' dir='ltr'><strong>moenia</strong></span> <span class='ocrx_word' id='word_1_128' title='bbox 902 1396 1058 1425; x_wconf 66' lang='lat' dir='ltr'><strong>vetustate</strong></span> <span class='ocrx_word' id='word_1_129' title='bbox 1079 1397 1247 1435; x_wconf 81' lang='lat' dir='ltr'><strong>corrupta:</strong></span> <span class='ocrx_word' id='word_1_130' title='bbox 1270 1396 1407 1426; x_wconf 78' lang='lat' dir='ltr'><strong>maxime</strong></span> <span class='ocrx_word' id='word_1_131' title='bbox 1428 1397 1601 1432; x_wconf 81' lang='lat' dir='ltr'><strong>recordare,</strong></span> <span class='ocrx_word' id='word_1_132' title='bbox 1614 1396 1690 1426; x_wconf 82' lang='lat' dir='ltr'><strong>den-</strong></span> 
     </span>
     <span class='ocr_line' id='line_1_22' title="bbox 221 1435 1688 1479; baseline 0.002 -14"><span class='ocrx_word' id='word_1_133' title='bbox 221 1444 294 1466; x_wconf 77' lang='lat' dir='ltr'><strong>sare</strong></span> <span class='ocrx_word' id='word_1_134' title='bbox 309 1435 434 1467; x_wconf 73' lang='lat' dir='ltr'><strong>ordines</strong></span> <span class='ocrx_word' id='word_1_135' title='bbox 448 1435 596 1475; x_wconf 79' lang='lat' dir='ltr'><strong>militum,</strong></span> <span class='ocrx_word' id='word_1_136' title='bbox 611 1439 643 1468; x_wconf 84' lang='lat' dir='ltr'><strong>et</strong></span> <span class='ocrx_word' id='word_1_137' title='bbox 654 1436 815 1475; x_wconf 78' lang='lat' dir='ltr'><strong>geminare</strong></span> <span class='ocrx_word' id='word_1_138' title='bbox 830 1435 986 1475; x_wconf 78' lang='lat' dir='ltr'><strong>confertas</strong></span> <span class='ocrx_word' id='word_1_139' title='bbox 1000 1438 1079 1470; x_wconf 71' lang='lat' dir='ltr'><strong>alas.</strong></span> <span class='ocrx_word' id='word_1_140' title='bbox 1125 1438 1227 1469; x_wconf 85' lang='lat' dir='ltr'><strong>Cerne</strong></span> <span class='ocrx_word' id='word_1_141' title='bbox 1240 1438 1331 1476; x_wconf 75' lang='lat' dir='ltr'><strong>longe</strong></span> <span class='ocrx_word' id='word_1_142' title='bbox 1346 1438 1465 1479; x_wconf 73' lang='lat' dir='ltr'><strong>lateque</strong></span> <span class='ocrx_word' id='word_1_143' title='bbox 1478 1448 1618 1479; x_wconf 83' lang='lat' dir='ltr'><strong>campum</strong></span> <span class='ocrx_word' id='word_1_144' title='bbox 1632 1447 1688 1469; x_wconf 82' lang='lat' dir='ltr'><strong>ex·</strong></span> 
     </span>
     <span class='ocr_line' id='line_1_23' title="bbox 221 1478 1689 1521; baseline 0.001 -12"><span class='ocrx_word' id='word_1_145' title='bbox 221 1478 382 1510; x_wconf 68' lang='lat' dir='ltr'><strong>halantem</strong></span> <span class='ocrx_word' id='word_1_146' title='bbox 398 1488 463 1510; x_wconf 88' lang='lat' dir='ltr'><strong>meo</strong></span> <span class='ocrx_word' id='word_1_147' title='bbox 476 1479 597 1518; x_wconf 79' lang='lat' dir='ltr'><strong>gladio.</strong></span> <span class='ocrx_word' id='word_1_148' title='bbox 643 1479 712 1511; x_wconf 82' lang='lat' dir='ltr'><strong>Nos</strong></span> <span class='ocrx_word' id='word_1_149' title='bbox 725 1479 782 1510; x_wconf 81' lang='lat' dir='ltr'><strong>hoc</strong></span> <span class='ocrx_word' id='word_1_150' title='bbox 797 1480 885 1511; x_wconf 84' lang='lat' dir='ltr'><em>modo</em></span> <span class='ocrx_word' id='word_1_151' title='bbox 906 1479 1027 1511; x_wconf 77' lang='lat' dir='ltr'><strong>ruimus</strong></span> <span class='ocrx_word' id='word_1_152' title='bbox 1047 1480 1082 1511; x_wconf 83' lang='lat' dir='ltr'><strong>in</strong></span> <span class='ocrx_word' id='word_1_153' title='bbox 1094 1480 1219 1520; x_wconf 66' lang='lat' dir='ltr'><strong>praelia.</strong></span> <span class='ocrx_word' id='word_1_154' title='bbox 1262 1481 1346 1511; x_wconf 80' lang='lat' dir='ltr'><strong>Haec</strong></span> <span class='ocrx_word' id='word_1_155' title='bbox 1365 1480 1482 1521; x_wconf 78' lang='lat' dir='ltr'><strong>inquit,</strong></span> <span class='ocrx_word' id='word_1_156' title='bbox 1497 1484 1531 1513; x_wconf 79' lang='lat' dir='ltr'><strong>et</strong></span> <span class='ocrx_word' id='word_1_157' title='bbox 1551 1480 1689 1513; x_wconf 75' lang='lat' dir='ltr'><strong>exstruit</strong></span> 
     </span>
     <span class='ocr_line' id='line_1_24' title="bbox 223 1520 1689 1564; baseline 0.002 -12"><span class='ocrx_word' id='word_1_158' title='bbox 223 1520 284 1552; x_wconf 74' lang='lat' dir='ltr'><strong>tibi</strong></span> <span class='ocrx_word' id='word_1_159' title='bbox 300 1521 374 1553; x_wconf 85' lang='lat' dir='ltr'><strong>bene</strong></span> <span class='ocrx_word' id='word_1_160' title='bbox 382 1521 516 1561; x_wconf 80' lang='lat' dir='ltr'><strong>meritae,</strong></span> <span class='ocrx_word' id='word_1_161' title='bbox 529 1532 546 1552; x_wconf 92' lang='lat' dir='ltr'><em>o</em></span> <span class='ocrx_word' id='word_1_162' title='bbox 561 1522 724 1562; x_wconf 74' lang='lat' dir='ltr'><strong>Minerva,</strong></span> <span class='ocrx_word' id='word_1_163' title='bbox 737 1522 910 1562; x_wconf 80' lang='lat' dir='ltr'><strong>gloriosum</strong></span> <span class='ocrx_word' id='word_1_164' title='bbox 924 1526 1077 1563; x_wconf 79' lang='lat' dir='ltr'><strong>tropaeum</strong></span> <span class='ocrx_word' id='word_1_165' title='bbox 1091 1523 1128 1554; x_wconf 88' lang='lat' dir='ltr'><strong>de</strong></span> <span class='ocrx_word' id='word_1_166' title='bbox 1142 1527 1272 1554; x_wconf 80' lang='lat' dir='ltr'><strong>cruenta</strong></span> <span class='ocrx_word' id='word_1_167' title='bbox 1293 1523 1390 1564; x_wconf 76' lang='lat' dir='ltr'><strong>clade,</strong></span> <span class='ocrx_word' id='word_1_168' title='bbox 1404 1527 1435 1555; x_wconf 82' lang='lat' dir='ltr'><strong>et</strong></span> <span class='ocrx_word' id='word_1_169' title='bbox 1450 1523 1524 1563; x_wconf 73' lang='lat' dir='ltr'><strong>fert</strong></span> <span class='ocrx_word' id='word_1_170' title='bbox 1543 1525 1689 1556; x_wconf 74' lang='lat' dir='ltr'><strong>exultans</strong></span> 
     </span>
     <span class='ocr_line' id='line_1_25' title="bbox 220 1565 1688 1607; baseline 0.003 -12"><span class='ocrx_word' id='word_1_171' title='bbox 220 1567 401 1604; x_wconf 76' lang='lat' dir='ltr'><strong>prostratus</strong></span> <span class='ocrx_word' id='word_1_172' title='bbox 413 1565 554 1606; x_wconf 79' lang='lat' dir='ltr'><strong>exuvias,</strong></span> <span class='ocrx_word' id='word_1_173' title='bbox 569 1568 599 1597; x_wconf 84' lang='lat' dir='ltr'><strong>et</strong></span> <span class='ocrx_word' id='word_1_174' title='bbox 614 1575 670 1597; x_wconf 77' lang='lat' dir='ltr'><strong>sua</strong></span> <span class='ocrx_word' id='word_1_175' title='bbox 684 1575 800 1606; x_wconf 78' lang='lat' dir='ltr'><strong>magna</strong></span> <span class='ocrx_word' id='word_1_176' title='bbox 806 1565 899 1604; x_wconf 80' lang='lat' dir='ltr'><strong>sacta</strong></span> <span class='ocrx_word' id='word_1_177' title='bbox 910 1566 1113 1605; x_wconf 80' lang='lat' dir='ltr'><strong>recognoscit.</strong></span> <span class='ocrx_word' id='word_1_178' title='bbox 1149 1566 1291 1602; x_wconf 71' lang='lat' dir='ltr'><strong>Quercus</strong></span> <span class='ocrx_word' id='word_1_179' title='bbox 1304 1570 1373 1598; x_wconf 79' lang='lat' dir='ltr'><strong>emt</strong></span> <span class='ocrx_word' id='word_1_180' title='bbox 1388 1566 1422 1598; x_wconf 79' lang='lat' dir='ltr'><strong>in</strong></span> <span class='ocrx_word' id='word_1_181' title='bbox 1436 1566 1536 1599; x_wconf 80' lang='lat' dir='ltr'><strong>medio</strong></span> <span class='ocrx_word' id='word_1_182' title='bbox 1550 1567 1623 1607; x_wconf 79' lang='lat' dir='ltr'><strong>agri</strong></span> <span class='ocrx_word' id='word_1_183' title='bbox 1637 1569 1688 1600; x_wconf 71' lang='lat' dir='ltr'><strong>tu·</strong></span> 
     </span>
    </p>
   </div>
   <div class='ocr_carea' id='block_1_7' title="bbox 839 1655 1077 1668">
    <p class='ocr_par' dir='ltr' id='par_1_10' title="bbox 839 1655 1077 1668">
     <span class='ocr_line' id='line_1_26' title="bbox 839 1655 1077 1668; baseline 0 -1"><span class='ocrx_word' id='word_1_184' title='bbox 839 1655 1077 1668; x_wconf 57' lang='lat' dir='ltr'><strong>WOONM‘</strong></span> 
     </span>
    </p>
   </div>
   <div class='ocr_carea' id='block_1_8' title="bbox 219 1720 1690 2192">
    <p class='ocr_par' dir='ltr' id='par_1_11' title="bbox 219 1720 1690 2192">
     <span class='ocr_line' id='line_1_27' title="bbox 222 1720 1687 1763; baseline 0.001 -10"><span class='ocrx_word' id='word_1_185' title='bbox 222 1722 462 1763; x_wconf 80' lang='lat' dir='ltr'><strong>Delph.—-695</strong></span> <span class='ocrx_word' id='word_1_186' title='bbox 485 1723 496 1738; x_wconf 85' lang='lat'>‘</span> <span class='ocrx_word' id='word_1_187' title='bbox 510 1722 650 1754; x_wconf 83' lang='lat' dir='ltr'><strong>Planius</strong></span> <span class='ocrx_word' id='word_1_188' title='bbox 675 1726 711 1753; x_wconf 88' lang='lat' dir='ltr'><strong>et</strong></span> <span class='ocrx_word' id='word_1_189' title='bbox 727 1721 914 1762; x_wconf 73' lang='lat' dir='ltr'><strong>elegantius</strong></span> <span class='ocrx_word' id='word_1_190' title='bbox 930 1721 1122 1753; x_wconf 84' lang='lat' dir='ltr'><strong>scribatur:</strong></span> <span class='ocrx_word' id='word_1_191' title='bbox 1145 1720 1219 1752; x_wconf 81' lang='lat' dir='ltr'><strong>vitoe</strong></span> <span class='ocrx_word' id='word_1_192' title='bbox 1235 1721 1424 1753; x_wconf 75' lang='lat' dir='ltr'><strong>miserandus</strong></span> <span class='ocrx_word' id='word_1_193' title='bbox 1433 1720 1553 1754; x_wconf 78' lang='lat' dir='ltr'><strong>inerti.¹</strong></span> <span class='ocrx_word' id='word_1_194' title='bbox 1565 1722 1687 1754; x_wconf 83' lang='lat' dir='ltr'><strong>Barth.</strong></span> 
     </span>
     <span class='ocr_line' id='line_1_28' title="bbox 223 1763 1686 1806; baseline 0.001 -10"><span class='ocrx_word' id='word_1_195' title='bbox 223 1765 302 1796; x_wconf 89' lang='lat' dir='ltr'><strong>Hoc</strong></span> <span class='ocrx_word' id='word_1_196' title='bbox 315 1774 380 1796; x_wconf 91' lang='lat' dir='ltr'><strong>non</strong></span> <span class='ocrx_word' id='word_1_197' title='bbox 397 1765 571 1806; x_wconf 85' lang='lat' dir='ltr'><strong>improbat</strong></span> <span class='ocrx_word' id='word_1_198' title='bbox 585 1765 814 1796; x_wconf 86' lang='lat' dir='ltr'><strong>Burmannus.</strong></span> <span class='ocrx_word' id='word_1_199' title='bbox 861 1763 916 1796; x_wconf 82' lang='lat' dir='ltr'><strong>Cf.</strong></span> <span class='ocrx_word' id='word_1_200' title='bbox 934 1765 1035 1795; x_wconf 88' lang='lat' dir='ltr'><strong>Lucr.</strong></span> <span class='ocrx_word' id='word_1_201' title='bbox 1049 1773 1097 1795; x_wconf 82' lang='lat' dir='ltr'><strong>VI·</strong></span> <span class='ocrx_word' id='word_1_202' title='bbox 1113 1766 1209 1795; x_wconf 80' lang='lat'><strong>1230.</strong></span> <span class='ocrx_word' id='word_1_203' title='bbox 1226 1763 1330 1795; x_wconf 87' lang='lat' dir='ltr'><strong>Ovid.</strong></span> <span class='ocrx_word' id='word_1_204' title='bbox 1349 1764 1426 1796; x_wconf 87' lang='lat' dir='ltr'><strong>Art.</strong></span> <span class='ocrx_word' id='word_1_205' title='bbox 1443 1772 1485 1796; x_wconf 88' lang='lat' dir='ltr'><strong>n.</strong></span> <span class='ocrx_word' id='word_1_206' title='bbox 1500 1766 1576 1796; x_wconf 72' lang='lat'><strong>³87.</strong></span> <span class='ocrx_word' id='word_1_207' title='bbox 1601 1765 1686 1797; x_wconf 85' lang='lat' dir='ltr'><strong>Pro·</strong></span> 
     </span>
     <span class='ocr_line' id='line_1_29' title="bbox 221 1806 1690 1849; baseline 0 -10"><span class='ocrx_word' id='word_1_208' title='bbox 221 1812 370 1849; x_wconf 86' lang='lat' dir='ltr'><strong>pert.1v.</strong></span> <span class='ocrx_word' id='word_1_209' title='bbox 387 1811 419 1840; x_wconf 84' lang='lat'><strong>6.</strong></span> <span class='ocrx_word' id='word_1_210' title='bbox 433 1811 595 1840; x_wconf 81' lang='lat' dir='ltr'><strong>2l.—-697</strong></span> <span class='ocrx_word' id='word_1_211' title='bbox 609 1807 732 1839; x_wconf 66' lang='lat' dir='ltr'><strong>Aoniae</strong></span> <span class='ocrx_word' id='word_1_212' title='bbox 751 1807 892 1849; x_wconf 75' lang='lat' dir='ltr'><strong>optimae.</strong></span> <span class='ocrx_word' id='word_1_213' title='bbox 908 1807 1115 1839; x_wconf 75' lang='lat' dir='ltr'><strong>membranae</strong></span> <span class='ocrx_word' id='word_1_214' title='bbox 1131 1806 1276 1847; x_wconf 79' lang='lat' dir='ltr'><strong>Barthii,</strong></span> <span class='ocrx_word' id='word_1_215' title='bbox 1290 1806 1379 1848; x_wconf 85' lang='lat' dir='ltr'><strong>qnod</strong></span> <span class='ocrx_word' id='word_1_216' title='bbox 1394 1806 1453 1838; x_wconf 83' lang='lat' dir='ltr'><strong>ine</strong></span> <span class='ocrx_word' id='word_1_217' title='bbox 1468 1807 1603 1848; x_wconf 77' lang='lat' dir='ltr'><strong>probat.</strong></span> <span class='ocrx_word' id='word_1_218' title='bbox 1621 1809 1690 1839; x_wconf 71' lang='lat' dir='ltr'><strong>wl-</strong></span> 
     </span>
     <span class='ocr_line' id='line_1_30' title="bbox 221 1849 1686 1891; baseline 0 -9"><span class='ocrx_word' id='word_1_219' title='bbox 221 1861 296 1883; x_wconf 82' lang='lat' dir='ltr'><strong>nere</strong></span> <span class='ocrx_word' id='word_1_220' title='bbox 324 1853 431 1882; x_wconf 76' lang='lat' dir='ltr'><strong>nostro</strong></span> <span class='ocrx_word' id='word_1_221' title='bbox 450 1860 536 1882; x_wconf 75' lang='lat' dir='ltr'><strong>unus</strong></span> <span class='ocrx_word' id='word_1_222' title='bbox 560 1850 687 1882; x_wconf 89' lang='lat' dir='ltr'><strong>Behot.</strong></span> <span class='ocrx_word' id='word_1_223' title='bbox 714 1850 820 1891; x_wconf 81' lang='lat' dir='ltr'><strong>Lang.</strong></span> <span class='ocrx_word' id='word_1_224' title='bbox 844 1851 947 1882; x_wconf 86' lang='lat' dir='ltr'><strong>Laur.</strong></span> <span class='ocrx_word' id='word_1_225' title='bbox 963 1849 1095 1881; x_wconf 82' lang='lat' dir='ltr'><strong>Buslid.</strong></span> <span class='ocrx_word' id='word_1_226' title='bbox 1123 1849 1273 1890; x_wconf 78' lang='lat' dir='ltr'><strong>Lipsian.</strong></span> <span class='ocrx_word' id='word_1_227' title='bbox 1299 1850 1443 1882; x_wconf 84' lang='lat' dir='ltr'><strong>Venett.</strong></span> <span class='ocrx_word' id='word_1_228' title='bbox 1466 1850 1565 1882; x_wconf 82' lang='lat' dir='ltr'><strong>Rom.</strong></span> <span class='ocrx_word' id='word_1_229' title='bbox 1581 1850 1686 1882; x_wconf 83' lang='lat' dir='ltr'><strong>Aldd.</strong></span> 
     </span>
     <span class='ocr_line' id='line_1_31' title="bbox 221 1891 1690 1935; baseline 0 -10"><span class='ocrx_word' id='word_1_230' title='bbox 221 1894 335 1926; x_wconf 86' lang='lat' dir='ltr'><strong>Coliu.</strong></span> <span class='ocrx_word' id='word_1_231' title='bbox 354 1894 486 1935; x_wconf 82' lang='lat' dir='ltr'><strong>Gryph.</strong></span> <span class='ocrx_word' id='word_1_232' title='bbox 505 1893 613 1925; x_wconf 83' lang='lat' dir='ltr'><strong>Basil.</strong></span> <span class='ocrx_word' id='word_1_233' title='bbox 630 1898 667 1924; x_wconf 88' lang='lat' dir='ltr'><strong>et</strong></span> <span class='ocrx_word' id='word_1_234' title='bbox 688 1893 805 1925; x_wconf 84' lang='lat' dir='ltr'><strong>Plant.</strong></span> <span class='ocrx_word' id='word_1_235' title='bbox 826 1902 953 1925; x_wconf 83' lang='lat' dir='ltr'><strong>munere</strong></span> <span class='ocrx_word' id='word_1_236' title='bbox 974 1895 1081 1924; x_wconf 81' lang='lat' dir='ltr'><strong>nostro</strong></span> <span class='ocrx_word' id='word_1_237' title='bbox 1107 1901 1151 1923; x_wconf 88' lang='lat' dir='ltr'><strong>ex</strong></span> <span class='ocrx_word' id='word_1_238' title='bbox 1178 1891 1289 1924; x_wconf 78' lang='lat' dir='ltr'><strong>veteri</strong></span> <span class='ocrx_word' id='word_1_239' title='bbox 1313 1892 1510 1924; x_wconf 80' lang='lat' dir='ltr'><strong>membrano</strong></span> <span class='ocrx_word' id='word_1_240' title='bbox 1536 1894 1690 1925; x_wconf 87' lang='lat' dir='ltr'><strong>correxit</strong></span> 
     </span>
     <span class='ocr_line' id='line_1_32' title="bbox 221 1935 1686 1976; baseline 0 -8"><span class='ocrx_word' id='word_1_241' title='bbox 221 1937 426 1969; x_wconf 80' lang='lat' dir='ltr'><strong>Bernartius</strong></span> <span class='ocrx_word' id='word_1_242' title='bbox 445 1947 455 1976; x_wconf 77' lang='grc' dir='ltr'><strong>ς</strong></span> <span class='ocrx_word' id='word_1_243' title='bbox 471 1940 506 1968; x_wconf 86' lang='lat' dir='ltr'><strong>et</strong></span> <span class='ocrx_word' id='word_1_244' title='bbox 522 1937 587 1968; x_wconf 90' lang='lat' dir='ltr'><strong>hoc</strong></span> <span class='ocrx_word' id='word_1_245' title='bbox 599 1940 774 1968; x_wconf 83' lang='lat' dir='ltr'><strong>testantur</strong></span> <span class='ocrx_word' id='word_1_246' title='bbox 789 1936 949 1967; x_wconf 88' lang='lat' dir='ltr'><strong>Petrens.</strong></span> <span class='ocrx_word' id='word_1_247' title='bbox 964 1935 1050 1967; x_wconf 81' lang='lat' dir='ltr'><strong>Exc.</strong></span> <span class='ocrx_word' id='word_1_248' title='bbox 1066 1935 1211 1967; x_wconf 82' lang='lat' dir='ltr'><strong>Cantab.</strong></span> <span class='ocrx_word' id='word_1_249' title='bbox 1226 1935 1365 1968; x_wconf 82' lang='lat' dir='ltr'><strong>Taurin.</strong></span> <span class='ocrx_word' id='word_1_250' title='bbox 1380 1935 1501 1967; x_wconf 86' lang='lat' dir='ltr'><strong>Burm.</strong></span> <span class='ocrx_word' id='word_1_251' title='bbox 1517 1936 1604 1967; x_wconf 78' lang='lat' dir='ltr'><strong>alter</strong></span> <span class='ocrx_word' id='word_1_252' title='bbox 1618 1937 1686 1968; x_wconf 86' lang='lat' dir='ltr'><strong>Be-</strong></span> 
     </span>
     <span class='ocr_line' id='line_1_33' title="bbox 220 1977 1685 2020; baseline -0.001 -8"><span class='ocrx_word' id='word_1_253' title='bbox 220 1980 293 2012; x_wconf 86' lang='lat' dir='ltr'><strong>hot.</strong></span> <span class='ocrx_word' id='word_1_254' title='bbox 311 1981 403 2012; x_wconf 89' lang='lat' dir='ltr'><strong>Dan.</strong></span> <span class='ocrx_word' id='word_1_255' title='bbox 419 1980 504 2011; x_wconf 88' lang='lat' dir='ltr'><strong>Put.</strong></span> <span class='ocrx_word' id='word_1_256' title='bbox 520 1980 646 2012; x_wconf 73' lang='lat' dir='ltr'><strong>PetaV.</strong></span> <span class='ocrx_word' id='word_1_257' title='bbox 666 1982 702 2011; x_wconf 86' lang='lat' dir='ltr'><strong>et</strong></span> <span class='ocrx_word' id='word_1_258' title='bbox 722 1978 843 2020; x_wconf 85' lang='lat' dir='ltr'><strong>optimi</strong></span> <span class='ocrx_word' id='word_1_259' title='bbox 866 1978 1047 2010; x_wconf 80' lang='lat' dir='ltr'><strong>Bar-thiani</strong></span> <span class='ocrx_word' id='word_1_260' title='bbox 1062 1987 1137 2010; x_wconf 90' lang='lat' dir='ltr'><strong>cum</strong></span> <span class='ocrx_word' id='word_1_261' title='bbox 1161 1977 1239 2010; x_wconf 90' lang='lat' dir='ltr'><strong>edd.</strong></span> <span class='ocrx_word' id='word_1_262' title='bbox 1259 1977 1418 2010; x_wconf 86' lang='lat' dir='ltr'><strong>Grasser.</strong></span> <span class='ocrx_word' id='word_1_263' title='bbox 1441 1978 1587 2011; x_wconf 80' lang='lat' dir='ltr'><strong>Gevnrt.</strong></span> <span class='ocrx_word' id='word_1_264' title='bbox 1605 1978 1685 2010; x_wconf 84' lang='lat' dir='ltr'><strong>Lin-</strong></span> 
     </span>
     <span class='ocr_line' id='line_1_34' title="bbox 221 2020 1685 2064; baseline 0 -11"><span class='ocrx_word' id='word_1_265' title='bbox 221 2022 387 2064; x_wconf 83' lang='lat' dir='ltr'><strong>denbrog.</strong></span> <span class='ocrx_word' id='word_1_266' title='bbox 405 2023 507 2054; x_wconf 85' lang='lat' dir='ltr'><strong>Cruc.</strong></span> <span class='ocrx_word' id='word_1_267' title='bbox 521 2021 672 2054; x_wconf 85' lang='lat' dir='ltr'><strong>Amstel.</strong></span> <span class='ocrx_word' id='word_1_268' title='bbox 690 2022 846 2054; x_wconf 88' lang='lat' dir='ltr'><strong>Gronov.</strong></span> <span class='ocrx_word' id='word_1_269' title='bbox 867 2021 990 2053; x_wconf 83' lang='lat' dir='ltr'><strong>Barth.</strong></span> <span class='ocrx_word' id='word_1_270' title='bbox 1006 2021 1114 2052; x_wconf 89' lang='lat' dir='ltr'><strong>Veen.</strong></span> <span class='ocrx_word' id='word_1_271' title='bbox 1140 2024 1177 2052; x_wconf 87' lang='lat' dir='ltr'><strong>et</strong></span> <span class='ocrx_word' id='word_1_272' title='bbox 1201 2020 1442 2061; x_wconf 50' lang='lat' dir='ltr'><strong>Delma-69³</strong></span> <span class='ocrx_word' id='word_1_273' title='bbox 1467 2021 1617 2053; x_wconf 73' lang='lat' dir='ltr'><strong>Manibus</strong></span> <span class='ocrx_word' id='word_1_274' title='bbox 1629 2031 1685 2053; x_wconf 81' lang='lat' dir='ltr'><strong>ex-</strong></span> 
     </span>
     <span class='ocr_line' id='line_1_35' title="bbox 219 2063 1685 2106; baseline -0.001 -9"><span class='ocrx_word' id='word_1_275' title='bbox 219 2069 342 2106; x_wconf 78' lang='lat' dir='ltr'><strong>ceptum</strong></span> <span class='ocrx_word' id='word_1_276' title='bbox 356 2066 494 2106; x_wconf 84' lang='lat' dir='ltr'><strong>optimae</strong></span> <span class='ocrx_word' id='word_1_277' title='bbox 510 2065 644 2096; x_wconf 76' lang='lat' dir='ltr'><strong>Barthii</strong></span> <span class='ocrx_word' id='word_1_278' title='bbox 660 2064 884 2103; x_wconf 66' lang='lat' dir='ltr'><strong>membranae,</strong></span> <span class='ocrx_word' id='word_1_279' title='bbox 906 2063 995 2106; x_wconf 88' lang='lat' dir='ltr'><strong>quod</strong></span> <span class='ocrx_word' id='word_1_280' title='bbox 1020 2072 1135 2095; x_wconf 83' lang='lat' dir='ltr'><strong>verum</strong></span> <span class='ocrx_word' id='word_1_281' title='bbox 1162 2067 1262 2104; x_wconf 85' lang='lat' dir='ltr'><strong>putat</strong></span> <span class='ocrx_word' id='word_1_282' title='bbox 1287 2063 1574 2096; x_wconf 57' lang='lat' dir='ltr'><strong>Batauum—699</strong></span> <span class='ocrx_word' id='word_1_283' title='bbox 1595 2064 1685 2096; x_wconf 77' lang='lat' dir='ltr'><strong>Tau-</strong></span> 
     </span>
     <span class='ocr_line' id='line_1_36' title="bbox 219 2106 1685 2149; baseline -0.001 -9"><span class='ocrx_word' id='word_1_284' title='bbox 219 2108 284 2140; x_wconf 82' lang='lat' dir='ltr'><strong>rin.</strong></span> <span class='ocrx_word' id='word_1_285' title='bbox 305 2109 567 2149; x_wconf 80' lang='lat' dir='ltr'><strong>proferre.—-705</strong></span> <span class='ocrx_word' id='word_1_286' title='bbox 593 2108 689 2140; x_wconf 89' lang='lat' dir='ltr'><strong>Unus</strong></span> <span class='ocrx_word' id='word_1_287' title='bbox 716 2108 843 2139; x_wconf 84' lang='lat' dir='ltr'><strong>Behot.</strong></span> <span class='ocrx_word' id='word_1_288' title='bbox 863 2109 1061 2148; x_wconf 78' lang='lat' dir='ltr'><strong>proedamque</strong></span> <span class='ocrx_word' id='word_1_289' title='bbox 1073 2106 1350 2145; x_wconf 56' lang='lat' dir='ltr'><strong>jacentem—70⁶1</strong></span> <span class='ocrx_word' id='word_1_290' title='bbox 1376 2107 1534 2149; x_wconf 85' lang='lat' dir='ltr'><strong>Uterque</strong></span> <span class='ocrx_word' id='word_1_291' title='bbox 1558 2107 1685 2138; x_wconf 82' lang='lat' dir='ltr'><strong>Behot.</strong></span> 
     </span>
     <span class='ocr_line' id='line_1_37' title="bbox 221 2149 1684 2192; baseline 0.001 -10"><span class='ocrx_word' id='word_1_292' title='bbox 221 2151 365 2184; x_wconf 83' lang='lat' dir='ltr'><strong>Venett.</strong></span> <span class='ocrx_word' id='word_1_293' title='bbox 379 2154 409 2184; x_wconf 82' lang='lat'><strong>3.</strong></span> <span class='ocrx_word' id='word_1_294' title='bbox 424 2154 457 2183; x_wconf 83' lang='lat'><strong>4.</strong></span> <span class='ocrx_word' id='word_1_295' title='bbox 483 2151 585 2183; x_wconf 87' lang='lat' dir='ltr'><strong>Rom.</strong></span> <span class='ocrx_word' id='word_1_296' title='bbox 599 2150 703 2182; x_wconf 90' lang='lat' dir='ltr'><strong>Aldd.</strong></span> <span class='ocrx_word' id='word_1_297' title='bbox 718 2151 830 2183; x_wconf 90' lang='lat' dir='ltr'><strong>Colin.</strong></span> <span class='ocrx_word' id='word_1_298' title='bbox 845 2150 979 2192; x_wconf 84' lang='lat' dir='ltr'><strong>Gryph.</strong></span> <span class='ocrx_word' id='word_1_299' title='bbox 998 2150 1105 2182; x_wconf 87' lang='lat' dir='ltr'><strong>Basil.</strong></span> <span class='ocrx_word' id='word_1_300' title='bbox 1121 2149 1238 2181; x_wconf 79' lang='lat' dir='ltr'><strong>Plant.</strong></span> <span class='ocrx_word' id='word_1_301' title='bbox 1252 2153 1289 2181; x_wconf 92' lang='lat' dir='ltr'><strong>et</strong></span> <span class='ocrx_word' id='word_1_302' title='bbox 1314 2149 1458 2182; x_wconf 87' lang='lat' dir='ltr'><strong>Gevart.</strong></span> <span class='ocrx_word' id='word_1_303' title='bbox 1472 2150 1660 2189; x_wconf 71' lang='lat' dir='ltr'><strong>jamdudum</strong></span> <span class='ocrx_word' id='word_1_304' title='bbox 1671 2160 1684 2187; x_wconf 90' lang='lat'><strong>,·</strong></span> 
     </span>
    </p>
   </div>
   <div class='ocr_carea' id='block_1_9' title="bbox 884 2234 1027 2267">
    <p class='ocr_par' dir='ltr' id='par_1_12' title="bbox 884 2234 1027 2267">
     <span class='ocr_line' id='line_1_38' title="bbox 884 2234 1027 2267; baseline 0 0"><span class='ocrx_word' id='word_1_305' title='bbox 884 2234 1027 2267; x_wconf 70' lang='lat' dir='ltr'>NOTAE</span> 
     </span>
    </p>
   </div>
   <div class='ocr_carea' id='block_1_10' title="bbox 214 2300 927 2846">
    <p class='ocr_par' dir='ltr' id='par_1_13' title="bbox 220 2300 927 2393">
     <span class='ocr_line' id='line_1_39' title="bbox 220 2300 927 2342; baseline -0.004 -8"><span class='ocrx_word' id='word_1_306' title='bbox 220 2306 340 2334; x_wconf 82' lang='lat' dir='ltr'><strong>tunam</strong></span> <span class='ocrx_word' id='word_1_307' title='bbox 368 2306 502 2342; x_wconf 76' lang='lat' dir='ltr'><strong>mutare</strong></span> <span class='ocrx_word' id='word_1_308' title='bbox 522 2300 715 2341; x_wconf 79' lang='lat' dir='ltr'><strong>constituit,</strong></span> <span class='ocrx_word' id='word_1_309' title='bbox 730 2300 805 2342; x_wconf 80' lang='lat' dir='ltr'><strong>ejus</strong></span> <span class='ocrx_word' id='word_1_310' title='bbox 820 2300 927 2333; x_wconf 77' lang='lat' dir='ltr'><strong>consi-</strong></span> 
     </span>
     <span class='ocr_line' id='line_1_40' title="bbox 223 2351 502 2393; baseline -0.004 -9"><span class='ocrx_word' id='word_1_311' title='bbox 223 2353 269 2384; x_wconf 78' lang='lat' dir='ltr'><strong>lia</strong></span> <span class='ocrx_word' id='word_1_312' title='bbox 285 2351 502 2393; x_wconf 59' lang='lat' dir='ltr'><strong>corrumpit?</strong></span> 
     </span>
    </p>

    <p class='ocr_par' dir='ltr' id='par_1_14' title="bbox 214 2401 926 2544">
     <span class='ocr_line' id='line_1_41' title="bbox 262 2401 926 2444; baseline -0.003 -9"><span class='ocrx_word' id='word_1_313' title='bbox 262 2406 328 2436; x_wconf 86' lang='grc'><strong>696</strong></span> <span class='ocrx_word' id='word_1_314' title='bbox 364 2401 560 2443; x_wconf 80' lang='lat' dir='ltr'><strong>Damnatur]</strong></span> <span class='ocrx_word' id='word_1_315' title='bbox 595 2402 704 2436; x_wconf 84' lang='lat' dir='ltr'><strong>Quasi</strong></span> <span class='ocrx_word' id='word_1_316' title='bbox 732 2401 926 2444; x_wconf 74' lang='lat' dir='ltr'><strong>supplic103</strong></span> 
     </span>
     <span class='ocr_line' id='line_1_42' title="bbox 221 2453 696 2496; baseline -0.002 -11"><span class='ocrx_word' id='word_1_317' title='bbox 221 2453 300 2496; x_wconf 87' lang='lat' dir='ltr'><strong>quia</strong></span> <span class='ocrx_word' id='word_1_318' title='bbox 317 2454 445 2485; x_wconf 85' lang='lat' dir='ltr'><strong>invitus</strong></span> <span class='ocrx_word' id='word_1_319' title='bbox 461 2457 617 2485; x_wconf 82' lang='lat' dir='ltr'><strong>servatus</strong></span> <span class='ocrx_word' id='word_1_320' title='bbox 632 2457 696 2485; x_wconf 83' lang='lat' dir='ltr'><strong>est.</strong></span> 
     </span>
     <span class='ocr_line' id='line_1_43' title="bbox 214 2503 797 2544; baseline 0 -9"><span class='ocrx_word' id='word_1_321' title='bbox 214 2513 217 2519; x_wconf 75' lang='lat'><em>¹</em></span> <span class='ocrx_word' id='word_1_322' title='bbox 263 2507 326 2535; x_wconf 84' lang='grc'><strong>697</strong></span> <span class='ocrx_word' id='word_1_323' title='bbox 350 2503 522 2544; x_wconf 77' lang='lat' dir='ltr'><strong>Aonidum]</strong></span> <span class='ocrx_word' id='word_1_324' title='bbox 543 2503 797 2535; x_wconf 82' lang='lat' dir='ltr'><strong>Thebanorum.</strong></span> 
     </span>
    </p>

    <p class='ocr_par' dir='ltr' id='par_1_15' title="bbox 220 2552 923 2646">
     <span class='ocr_line' id='line_1_44' title="bbox 262 2552 923 2594; baseline 0 -10"><span class='ocrx_word' id='word_1_325' title='bbox 262 2556 326 2585; x_wconf 83' lang='lat'><strong>702</strong></span> <span class='ocrx_word' id='word_1_326' title='bbox 351 2552 554 2594; x_wconf 76' lang='lat' dir='ltr'><strong>Fumantem]</strong></span> <span class='ocrx_word' id='word_1_327' title='bbox 587 2553 760 2594; x_wconf 83' lang='lat' dir='ltr'><strong>Sanguine</strong></span> <span class='ocrx_word' id='word_1_328' title='bbox 787 2557 923 2585; x_wconf 85' lang='lat' dir='ltr'><strong>tuorum</strong></span> 
     </span>
     <span class='ocr_line' id='line_1_45' title="bbox 220 2603 642 2646; baseline -0.002 -11"><span class='ocrx_word' id='word_1_329' title='bbox 220 2604 404 2644; x_wconf 80' lang='lat' dir='ltr'><strong>sociorum,</strong></span> <span class='ocrx_word' id='word_1_330' title='bbox 421 2613 504 2646; x_wconf 86' lang='lat' dir='ltr'><strong>quos</strong></span> <span class='ocrx_word' id='word_1_331' title='bbox 517 2603 642 2635; x_wconf 88' lang='lat' dir='ltr'><strong>occidi.</strong></span> 
     </span>
    </p>

    <p class='ocr_par' dir='ltr' id='par_1_16' title="bbox 219 2653 927 2846">
     <span class='ocr_line' id='line_1_46' title="bbox 262 2653 925 2695; baseline 0 -10"><span class='ocrx_word' id='word_1_332' title='bbox 262 2657 326 2685; x_wconf 74' lang='lat'><strong>704</strong></span> <span class='ocrx_word' id='word_1_333' title='bbox 351 2655 396 2687; x_wconf 84' lang='lat' dir='ltr'><strong>Et</strong></span> <span class='ocrx_word' id='word_1_334' title='bbox 412 2654 533 2685; x_wconf 77' lang='lat' dir='ltr'><strong>meritoe</strong></span> <span class='ocrx_word' id='word_1_335' title='bbox 544 2654 707 2695; x_wconf 77' lang='lat' dir='ltr'><strong>pulchrum</strong></span> <span class='ocrx_word' id='word_1_336' title='bbox 731 2653 790 2685; x_wconf 72' lang='lat' dir='ltr'><strong>tibi</strong></span> <span class='ocrx_word' id='word_1_337' title='bbox 818 2653 925 2685; x_wconf 71' lang='lat' dir='ltr'><strong>Pallas</strong></span> 
     </span>
     <span class='ocr_line' id='line_1_47' title="bbox 219 2704 925 2746; baseline 0 -11"><span class='ocrx_word' id='word_1_338' title='bbox 219 2705 365 2736; x_wconf 82' lang='lat' dir='ltr'><strong>honorem</strong></span> <span class='ocrx_word' id='word_1_339' title='bbox 390 2704 574 2744; x_wconf 68' lang='lat' dir='ltr'><strong>Sanguinem</strong></span> <span class='ocrx_word' id='word_1_340' title='bbox 609 2706 646 2736; x_wconf 86' lang='lat' dir='ltr'><strong>de</strong></span> <span class='ocrx_word' id='word_1_341' title='bbox 681 2707 788 2746; x_wconf 78' lang='lat' dir='ltr'><strong>strage</strong></span> <span class='ocrx_word' id='word_1_342' title='bbox 814 2704 925 2745; x_wconf 84' lang='lat' dir='ltr'><strong>parat]</strong></span> 
     </span>
     <span class='ocr_line' id='line_1_48' title="bbox 220 2755 927 2796; baseline 0 -10"><span class='ocrx_word' id='word_1_343' title='bbox 220 2755 300 2787; x_wconf 86' lang='lat' dir='ltr'><strong>Mos</strong></span> <span class='ocrx_word' id='word_1_344' title='bbox 317 2760 393 2787; x_wconf 83' lang='lat' dir='ltr'><strong>erat</strong></span> <span class='ocrx_word' id='word_1_345' title='bbox 417 2755 508 2796; x_wconf 89' lang='lat' dir='ltr'><strong>apud</strong></span> <span class='ocrx_word' id='word_1_346' title='bbox 539 2759 674 2787; x_wconf 81' lang='lat' dir='ltr'><strong>veteres</strong></span> <span class='ocrx_word' id='word_1_347' title='bbox 700 2755 835 2796; x_wconf 85' lang='lat' dir='ltr'><strong>erigere</strong></span> <span class='ocrx_word' id='word_1_348' title='bbox 858 2759 927 2787; x_wconf 85' lang='lat' dir='ltr'><strong>tro-</strong></span> 
     </span>
     <span class='ocr_line' id='line_1_49' title="bbox 221 2804 925 2846; baseline 0 -9"><span class='ocrx_word' id='word_1_349' title='bbox 221 2815 297 2846; x_wconf 79' lang='lat' dir='ltr'><strong>paea</strong></span> <span class='ocrx_word' id='word_1_350' title='bbox 313 2804 356 2838; x_wconf 85' lang='lat' dir='ltr'><strong>de</strong></span> <span class='ocrx_word' id='word_1_351' title='bbox 383 2805 549 2837; x_wconf 86' lang='lat' dir='ltr'><strong>victorum</strong></span> <span class='ocrx_word' id='word_1_352' title='bbox 577 2805 679 2837; x_wconf 86' lang='lat' dir='ltr'><strong>armis</strong></span> <span class='ocrx_word' id='word_1_353' title='bbox 705 2806 739 2838; x_wconf 87' lang='lat' dir='ltr'><strong>in</strong></span> <span class='ocrx_word' id='word_1_354' title='bbox 764 2806 925 2838; x_wconf 79' lang='lat' dir='ltr'><strong>honorem</strong></span> 
     </span>
    </p>
   </div>
   <div class='ocr_carea' id='block_1_11' title="bbox 978 2297 1684 2791">
    <p class='ocr_par' dir='ltr' id='par_1_17' title="bbox 980 2297 1684 2441">
     <span class='ocr_line' id='line_1_50' title="bbox 980 2297 1684 2341; baseline -0.003 -10"><span class='ocrx_word' id='word_1_355' title='bbox 980 2299 1169 2339; x_wconf 80' lang='lat' dir='ltr'><strong>numinum,</strong></span> <span class='ocrx_word' id='word_1_356' title='bbox 1191 2308 1332 2341; x_wconf 88' lang='lat' dir='ltr'><strong>quorum</strong></span> <span class='ocrx_word' id='word_1_357' title='bbox 1358 2297 1479 2330; x_wconf 77' lang='lat' dir='ltr'><strong>favore</strong></span> <span class='ocrx_word' id='word_1_358' title='bbox 1498 2306 1538 2329; x_wconf 86' lang='lat' dir='ltr'><strong>ae</strong></span> <span class='ocrx_word' id='word_1_359' title='bbox 1553 2307 1619 2338; x_wconf 84' lang='lat' dir='ltr'><strong>ope</strong></span> <span class='ocrx_word' id='word_1_360' title='bbox 1635 2297 1684 2329; x_wconf 84' lang='lat' dir='ltr'><strong>vi-</strong></span> 
     </span>
     <span class='ocr_line' id='line_1_51' title="bbox 980 2347 1682 2381; baseline -0.003 0"><span class='ocrx_word' id='word_1_361' title='bbox 980 2354 1114 2381; x_wconf 83' lang='lat' dir='ltr'><strong>cerant.</strong></span> <span class='ocrx_word' id='word_1_362' title='bbox 1154 2348 1254 2381; x_wconf 85' lang='lat' dir='ltr'><strong>Infra</strong></span> <span class='ocrx_word' id='word_1_363' title='bbox 1279 2348 1445 2380; x_wconf 86' lang='lat' dir='ltr'><strong>describit</strong></span> <span class='ocrx_word' id='word_1_364' title='bbox 1471 2347 1584 2380; x_wconf 63' lang='lat' dir='ltr'><strong>Poeta</strong></span> <span class='ocrx_word' id='word_1_365' title='bbox 1612 2356 1682 2379; x_wconf 84' lang='lat' dir='ltr'><strong>mo-</strong></span> 
     </span>
     <span class='ocr_line' id='line_1_52' title="bbox 980 2399 1390 2441; baseline -0.002 -10"><span class='ocrx_word' id='word_1_366' title='bbox 980 2399 1061 2431; x_wconf 87' lang='lat' dir='ltr'><strong>dum</strong></span> <span class='ocrx_word' id='word_1_367' title='bbox 1078 2399 1237 2441; x_wconf 87' lang='lat' dir='ltr'><strong>erigendi</strong></span> <span class='ocrx_word' id='word_1_368' title='bbox 1254 2399 1390 2440; x_wconf 78' lang='lat' dir='ltr'><strong>tropaei.</strong></span> 
     </span>
    </p>

    <p class='ocr_par' dir='ltr' id='par_1_18' title="bbox 978 2448 1682 2693">
     <span class='ocr_line' id='line_1_53' title="bbox 1022 2448 1682 2491; baseline -0.003 -9"><span class='ocrx_word' id='word_1_369' title='bbox 1022 2453 1087 2482; x_wconf 73' lang='lat'><strong>⁷06</strong></span> <span class='ocrx_word' id='word_1_370' title='bbox 1110 2450 1320 2491; x_wconf 75' lang='lat' dir='ltr'><strong>Ingentiaque</strong></span> <span class='ocrx_word' id='word_1_371' title='bbox 1334 2452 1407 2481; x_wconf 81' lang='lat' dir='ltr'><strong>acta</strong></span> <span class='ocrx_word' id='word_1_372' title='bbox 1419 2449 1575 2491; x_wconf 73' lang='lat' dir='ltr'><strong>recenset]</strong></span> <span class='ocrx_word' id='word_1_373' title='bbox 1593 2448 1682 2490; x_wconf 80' lang='lat' dir='ltr'><strong>Sup-</strong></span> 
     </span>
     <span class='ocr_line' id='line_1_54' title="bbox 980 2498 1679 2543; baseline -0.006 -9"><span class='ocrx_word' id='word_1_374' title='bbox 980 2501 1036 2543; x_wconf 85' lang='lat' dir='ltr'><strong>ple</strong></span> <span class='ocrx_word' id='word_1_375' title='bbox 1053 2511 1126 2534; x_wconf 84' lang='lat' dir='ltr'><strong>sua.</strong></span> <span class='ocrx_word' id='word_1_376' title='bbox 1170 2501 1237 2532; x_wconf 86' lang='lat' dir='ltr'><strong>Tot</strong></span> <span class='ocrx_word' id='word_1_377' title='bbox 1252 2501 1343 2532; x_wconf 87' lang='lat' dir='ltr'><strong>enim</strong></span> <span class='ocrx_word' id='word_1_378' title='bbox 1358 2500 1526 2541; x_wconf 57' lang='lat' dir='ltr'><strong>praeclara</strong></span> <span class='ocrx_word' id='word_1_379' title='bbox 1541 2508 1603 2530; x_wconf 78' lang='lat' dir='ltr'><strong>sua</strong></span> <span class='ocrx_word' id='word_1_380' title='bbox 1628 2498 1679 2530; x_wconf 80' lang='lat' dir='ltr'><strong>fa-</strong></span> 
     </span>
     <span class='ocr_line' id='line_1_55' title="bbox 979 2549 1681 2591; baseline -0.004 -8"><span class='ocrx_word' id='word_1_381' title='bbox 979 2551 1096 2583; x_wconf 81' lang='lat' dir='ltr'><strong>cinora</strong></span> <span class='ocrx_word' id='word_1_382' title='bbox 1123 2550 1343 2590; x_wconf 83' lang='lat' dir='ltr'><strong>recensebat,</strong></span> <span class='ocrx_word' id='word_1_383' title='bbox 1375 2553 1459 2591; x_wconf 86' lang='lat' dir='ltr'><strong>quot</strong></span> <span class='ocrx_word' id='word_1_384' title='bbox 1492 2549 1681 2581; x_wconf 87' lang='lat' dir='ltr'><strong>occisorum</strong></span> 
     </span>
     <span class='ocr_line' id='line_1_56' title="bbox 978 2599 1681 2642; baseline -0.004 -9"><span class='ocrx_word' id='word_1_385' title='bbox 978 2601 1126 2636; x_wconf 80' lang='lat' dir='ltr'><strong>hostium</strong></span> <span class='ocrx_word' id='word_1_386' title='bbox 1149 2610 1244 2632; x_wconf 77' lang='lat' dir='ltr'><strong>arma</strong></span> <span class='ocrx_word' id='word_1_387' title='bbox 1269 2599 1407 2642; x_wconf 82' lang='lat' dir='ltr'><strong>legebat</strong></span> <span class='ocrx_word' id='word_1_388' title='bbox 1423 2599 1466 2631; x_wconf 88' lang='lat' dir='ltr'><strong>ad</strong></span> <span class='ocrx_word' id='word_1_389' title='bbox 1481 2599 1681 2640; x_wconf 82' lang='lat' dir='ltr'><strong>erigendum</strong></span> 
     </span>
     <span class='ocr_line' id='line_1_57' title="bbox 980 2656 1160 2693; baseline -0.006 -10"><span class='ocrx_word' id='word_1_390' title='bbox 980 2656 1160 2693; x_wconf 78' lang='lat' dir='ltr'><strong>trnpaeum.</strong></span> 
     </span>
    </p>

    <p class='ocr_par' dir='ltr' id='par_1_19' title="bbox 978 2700 1683 2791">
     <span class='ocr_line' id='line_1_58' title="bbox 1021 2700 1682 2741; baseline -0.005 -6"><span class='ocrx_word' id='word_1_391' title='bbox 1021 2705 1084 2735; x_wconf 78' lang='lat'><strong>707</strong></span> <span class='ocrx_word' id='word_1_392' title='bbox 1110 2701 1251 2738; x_wconf 77' lang='lat' dir='ltr'><strong>Quercus</strong></span> <span class='ocrx_word' id='word_1_393' title='bbox 1264 2700 1348 2741; x_wconf 83' lang='lat' dir='ltr'><strong>erat]</strong></span> <span class='ocrx_word' id='word_1_394' title='bbox 1370 2701 1530 2732; x_wconf 78' lang='lat' dir='ltr'><strong>Testatur</strong></span> <span class='ocrx_word' id='word_1_395' title='bbox 1552 2700 1682 2733; x_wconf 88' lang='lat' dir='ltr'><strong>Diodo-</strong></span> 
     </span>
     <span class='ocr_line' id='line_1_59' title="bbox 978 2750 1683 2791; baseline -0.004 -6"><span class='ocrx_word' id='word_1_396' title='bbox 978 2762 1035 2785; x_wconf 82' lang='lat' dir='ltr'><strong>rus</strong></span> <span class='ocrx_word' id='word_1_397' title='bbox 1047 2753 1198 2785; x_wconf 78' lang='lat' dir='ltr'><strong>lib.xux.</strong></span> <span class='ocrx_word' id='word_1_398' title='bbox 1219 2755 1356 2783; x_wconf 85' lang='lat' dir='ltr'><strong>veteres</strong></span> <span class='ocrx_word' id='word_1_399' title='bbox 1369 2750 1525 2791; x_wconf 86' lang='lat' dir='ltr'><strong>Graecos,</strong></span> <span class='ocrx_word' id='word_1_400' title='bbox 1539 2760 1605 2783; x_wconf 89' lang='lat' dir='ltr'><strong>non</strong></span> <span class='ocrx_word' id='word_1_401' title='bbox 1618 2750 1683 2782; x_wconf 83' lang='lat' dir='ltr'><strong>nisi</strong></span> 
     </span>
    </p>
   </div>
   <div class='ocr_carea' id='block_1_12' title="bbox 979 2801 1681 2845">
    <p class='ocr_par' dir='ltr' id='par_1_20' title="bbox 979 2801 1681 2845">
     <span class='ocr_line' id='line_1_60' title="bbox 979 2801 1681 2845; baseline -0.006 -8"><span class='ocrx_word' id='word_1_402' title='bbox 979 2805 1028 2837; x_wconf 80' lang='grc' dir='ltr'><strong>διὰ</strong></span> <span class='ocrx_word' id='word_1_403' title='bbox 1049 2806 1112 2837; x_wconf 81' lang='grc' dir='ltr'><strong>τῶν</strong></span> <span class='ocrx_word' id='word_1_404' title='bbox 1135 2802 1297 2845; x_wconf 74' lang='grc' dir='ltr'><strong><em>τυχόντων</em></strong></span> <span class='ocrx_word' id='word_1_405' title='bbox 1316 2801 1416 2843; x_wconf 74' lang='grc' dir='ltr'>ξύλων</span> <span class='ocrx_word' id='word_1_406' title='bbox 1430 2801 1577 2835; x_wconf 81' lang='lat' dir='ltr'><strong>voluisse</strong></span> <span class='ocrx_word' id='word_1_407' title='bbox 1593 2801 1681 2843; x_wconf 81' lang='lat' dir='ltr'><strong>erigi</strong></span> 
     </span>
    </p>
   </div>
  </div>
 </body>
</html>
