1820 3068
203 171 317 215 1096
702 182 743 212 P.
776 181 967 213 ΡΑΡιΝιι
1000 181 1168 214 εΤΑτη

203 278 276 334 (Is
291 279 415 333 vigor
435 279 629 333 ingenio,
656 282 783 321 tanta
804 280 1084 334 experientia
1103 280 1276 322 dextrae
1299 278 1408 336 est,)
1579 282 1665 324 775

206 345 338 388 Ultro
359 346 507 388 audax
529 346 687 388 animis
710 347 932 402 intratque
951 353 996 391 et
1015 349 1266 400 obumbrat,
1288 354 1332 391 et
1349 350 1440 392 alte

205 413 392 466 Assilit3
414 418 464 456 ut
481 428 680 469 praeceps
700 417 877 458 cumulo
905 417 1009 458 salit
1027 418 1146 459 unda
1165 418 1382 460 minantes

206 481 261 522 In
282 483 509 536 scopulos,
529 487 572 523 et
591 482 738 525 fracta
756 483 883 534 redit,
904 485 970 526 sic
991 485 1064 527 iile
1081 485 1298 527 furentem

205 546 380 590 Circuit
398 562 680 604 expugnans:
710 551 830 592 levat
850 564 971 603 ecce,
988 552 1153 607 diuque
1171 554 1364 597 minatur

206 615 262 658 In
280 617 414 668 latus,
435 619 568 672 inque
589 618 747 660 oculos
765 631 775 660 ε
806 618 933 660 illum
953 620 1094 674 rigida
1109 633 1233 663 arma
1251 624 1482 664 caventem
1580 621 1668 664 780
1694 600 1696 602 Ι

206 686 398 739 Avocat,
420 690 465 728 et
485 687 690 729 manibus
710 687 981 742 necopinum
1001 689 1224 731 interserit
1242 691 1384 732 ictum

208 753 425 807 Callidus,
448 767 502 797 ac
522 755 715 796 mediam
737 755 940 810 designat
956 756 1132 799 vulnere
1152 758 1351 800 frontem.

207 823 238 865 J
241 836 313 865 am
332 836 472 873 cruor,
495 830 539 865 et
559 823 712 877 tepido
732 824 960 878 signantur
975 828 1179 880 'tempora
1201 827 1310 868 rivo.

209 890 371 933 Nescit
387 890 530 933 adhuc
553 891 810 945 Capaneus,
831 892 1120 946 subitumque
1141 905 1219 946 per
1237 893 1414 946 agmina
1432 907 1623 937 murmur

210 958 427 1001 Miratur:
460 972 608 1001 verum
630 965 682 1000 ut
702 959 869 1001 fessam
891 973 1025 1014 super
1048 973 1126 1002 ora
1146 961 1326 1003 reduxit
1581 962 1670 1004 785

210 1026 342 1068 Forte
361 1039 557 1078 manum,
577 1030 619 1068 et
635 1039 808 1068 summo
830 1028 1027 1068 maculas
1048 1028 1092 1068 in
1114 1027 1276 1070 vellere
1298 1028 1420 1080 vidit,

210 1094 256 1136 N
259 1107 314 1136 on
334 1095 420 1147 leo,
442 1107 528 1137 non
543 1095 697 1150 jaculo
718 1099 887 1136 tantum
909 1094 1133 1148 indignata
1149 1100 1334 1150 recepto

207 1162 381 1217 Tigris:
413 1163 503 1216 agit
523 1167 617 1205 toto
636 1163 866 1205 cedentem
885 1163 1080 1205 fervidus
1101 1175 1209 1206 arvo

209 1311 325 1353 iniquis
340 1311 459 1343 viribus
472 1313 718 1352 congredientem
731 1324 742 1350 ;
765 1316 855 1345 tanta
881 1317 929 1344 est
953 1314 1051 1344 animi
1067 1312 1238 1354 fortitudo,
1259 1317 1290 1344 et
1315 1315 1437 1345 dextra
1461 1313 1666 1355 experientia.

212 1355 258 1391 Ut
281 1365 361 1395 aqua
386 1355 496 1395 rapida
519 1356 596 1387 mole
610 1355 768 1387 invehitur
782 1357 815 1386 in
829 1357 925 1388 celsas
947 1365 1052 1397 rupes,
1074 1359 1105 1387 et
1126 1357 1205 1388 elisa
1227 1359 1360 1395 remeat,
1379 1356 1425 1388 sic
1450 1357 1506 1388 ilte
1525 1357 1670 1394 assiliens

206 1397 318 1429 circuit
333 1398 414 1429 hunc
428 1397 603 1436 furentem.
647 1398 777 1430 Attonit
793 1409 860 1430 ecce
874 1399 1055 1430 Alcidamas
1070 1409 1189 1437 manus,
1211 1402 1239 1431 et
1266 1398 1321 1430 aiu
1336 1398 1440 1440 fingit
1455 1400 1600 1440 impetere
1613 1400 1670 1431 ad·

206 1440 340 1472 versarii
363 1441 475 1479 latera,
496 1443 527 1472 et
551 1443 663 1473 oculos.
709 1442 836 1473 Avertit
858 1442 946 1473 utum
970 1443 1148 1482 Capaneum
1161 1442 1372 1483 observantem
1385 1442 1471 1473 diros
1485 1445 1610 1481 emtus,
1631 1452 1670 1474 ac

207 1486 328 1515 astutus
339 1493 396 1524 per
410 1483 612 1515 intermedias
626 1494 737 1516 manus
748 1485 921 1516 ‹ulcermrii
936 1484 1057 1526 infligit
1073 1485 1102 1516 ei
1129 1485 1359 1525 inexpectatum
1384 1484 1492 1525 ictum,
1513 1495 1549 1516 ac
1571 1486 1668 1526 plaga

207 1530 295 1557 notat
318 1526 452 1558 mediam
467 1526 621 1565 frontem.
665 1528 742 1558 Jam
766 1528 897 1567 sanguis
912 1526 1047 1568 fluebat,
1070 1531 1100 1559 et
1127 1531 1266 1568 tempora
1291 1530 1441 1558 notantur
1462 1528 1566 1568 tepido
1589 1528 1670 1560 n'vo.

210 1569 373 1610 Capaneus
388 1579 446 1600 non
465 1570 563 1601 sentit
577 1571 687 1610 adhuc,
709 1573 872 1611 stupetque
887 1571 1082 1611 repentinum
1096 1580 1255 1602 susurrum
1279 1570 1398 1602 editum
1418 1580 1475 1611 per
1496 1570 1671 1602 multitudi-

207 1621 275 1643 nem
287 1623 297 1643 .·
319 1622 428 1644 verum
450 1617 486 1644 ut
502 1612 591 1650 sorte
616 1613 724 1645 retulit
743 1612 922 1653 fatigatam
937 1623 1062 1644 manum
1075 1622 1172 1653 supra
1185 1614 1315 1652 tultum,
1337 1616 1367 1644 et
1387 1612 1490 1644 cernit
1503 1613 1538 1644 in
1551 1622 1668 1645 summo

207 1655 317 1686 vellere
332 1655 530 1695 sanguinem,
557 1666 617 1687 non
633 1657 691 1696 leo,
715 1665 774 1687 uon
790 1656 886 1696 tigris
898 1660 1021 1697 recepta
1034 1656 1155 1696 sagitta
1167 1656 1287 1688 exarsit
1311 1658 1401 1687 tanto
1414 1655 1540 1694 surore.
1591 1654 1667 1688 Ver-

819 1760 1059 1773 “cenom“

206 1841 229 1872 Ι.
258 1841 415 1872 Providus
441 1841 699 1882 obsequia—⁷75
723 1842 820 1873 Unus
842 1840 964 1873 Behot.
991 1841 1186 1883 experientia
1208 1842 1341 1879 dextr-ee,
1357 1840 1482 1872 omisso
1505 1841 1550 1880 τῷ
1563 1843 1668 1872 est.—

205 1886 270 1915 776
292 1884 381 1915 Dan.
400 1884 481 1915 Pnt.
497 1884 620 1916 Petav.
637 1885 741 1925 Lang.
760 1885 862 1916 Lanr.
880 1883 1010 1915 Buslid.
1031 1884 1182 1922 Lipsian.
1196 1893 1279 1915 unus
1295 1883 1420 1915 Behot.
1436 1882 1538 1915 Aldd.
1555 1882 1666 1915 Colin.

207 1926 341 1968 Gryph.
359 1927 465 1958 Basil.
492 1927 604 1958 Plant.
633 1927 862 1968 Lindenbrog.
880 1928 980 1958 Cruc.
998 1931 1033 1957 et
1057 1926 1201 1958 Gevart.
1227 1927 1408 1966 instatque‚·
1431 1925 1520 1957 alter
1544 1926 1667 1957 Behot.

207 1966 352 2001 Am'steI.
369 1970 518 2000 Gronov.
535 1969 656 2000 Barth.
674 1971 784 2001 Veen.
800 1975 837 2001 et
856 1969 981 2009 Delph.
996 1969 1274 2010 intratque—77⁷
1299 1969 1436 2000 Behott.
1455 1971 1484 1999 l.
1498 1971 1530 2000 2.
1545 1969 1666 1999 minau-

206 2013 270 2048 tis;
293 2013 442 2052 optimus
473 2013 702 2044 Bai-thianus:
727 2023 794 2044 ecce
809 2017 838 2043 et
865 2015 1027 2052 utrumque
1053 2011 1202 2043 minatur.
1229 2012 1385 2043 surtinus
1408 2011 1494 2051 conj.
1515 2010 1668 2049 minante,

207 2055 262 2086 vel
280 2055 534 2088 minarum—781
559 2059 676 2088 Avocat
694 2056 776 2087 Pnt.
792 2065 878 2086 unus
894 2054 1017 2086 Behot.
1032 2059 1067 2085 et
1082 2055 1239 2085 meliores
1256 2054 1374 2085 Barth.
1398 2054 1519 2085 Evocat
1530 2053 1668 2095 Dan.—

205 2100 270 2130 ⁷82
295 2098 437 2130 Callidus
451 2108 506 2130 nec
521 2100 655 2131 mediam
671 2103 813 2140 uterque
832 2099 1063 2130 Bellon—'795
1090 2097 1179 2129 Dan.
1197 2097 1279 2129 Put.
1305 2097 1429 2129 Petav.
1443 2096 1546 2138 Lang-
1565 2096 1666 2128 Laur.

872 2204 1015 2237 No'rAE

250 2287 315 2316 776
342 2284 434 2315 Ultro
448 2284 554 2315 audax
569 2284 697 2326 animis]
725 2284 914 2325 Suspectus
966 2293 1003 2314 ac
1018 2280 1151 2314 mediam
1166 2291 1285 2314 versus
1298 2284 1373 2314 782.

206 2345 324 2367 versus
340 2335 494 2375 Guyeto.
1009 2336 1070 2365 781
1096 2333 1266 2365 Inter-serit
1279 2330 1392 2372 ictam]
1425 2330 1580 2363 Medium
1601 2339 1670 2363 ma·

249 2391 314 2420 777
337 2387 468 2428 Assilit]
492 2386 584 2419 Hine
596 2386 780 2426 Gallicum,
795 2385 914 2418 Assait·
966 2384 1066 2416 nibus
1109 2384 1218 2416 ictum
1261 2382 1367 2415 fronti
1384 2399 1387 2401 >
1402 2381 1522 2414 infert.
1573 2381 1671 2414 Vetus

208 2440 262 2470 tir.
966 2434 1072 2467 Schol.
1117 2434 1243 2466 Amare
1258 2432 1442 2476 Pupiniam
1464 2433 1515 2465 sic
1529 2441 1668 2474 compo-

249 2491 314 2521 778
350 2487 535 2528 Furentem]
581 2486 731 2521 Quidam
760 2486 912 2528 codices,
966 2486 1034 2517 sita
1049 2484 1155 2517 verba
1169 2484 1272 2516 facile
1291 2488 1344 2516 est
1365 2487 1500 2515 notare.
1544 2482 1555 2501 ⁸
1568 2482 1668 2515 sere-

199 2539 370 2579 ferentem,
384 2543 421 2570 et
434 2538 555 2578 supple
571 2538 580 2555 ‘
593 2536 652 2569 se!
965 2546 1004 2568 re
1020 2534 1146 2568 ictum’
1169 2535 1267 2575 dixit,
1279 2534 1440 2576 exemplo
1455 2530 1618 2572 Lucretii,
1633 2534 1671 2564 et

250 2592 315 2621 779
339 2588 476 2628 Circuit,
498 2588 567 2629 tra]
599 2587 669 2620 Hie
695 2597 812 2620 versus
837 2597 909 2619 sus·
965 2586 1118 2620 aliorum.

207 2645 328 2682 pectus
343 2640 483 2681 Guyeto
498 2648 576 2670 cum
603 2637 714 2670 tribus
737 2638 911 2681 sequenti·
1007 2640 1073 2669 786
1094 2637 1134 2668 In
1148 2636 1276 2677 vellere]
1299 2635 1390 2669 Quia
1404 2633 1668 2676 peutedaetylos

209 2693 286 2731 bus,
313 2700 397 2732 quos
429 2691 567 2731 ineptos
598 2694 711 2728 vocat,
739 2698 845 2731 quare
873 2688 912 2720 τὸ
964 2688 1082 2719 laneos
1097 2687 1270 2719 habebant
1283 2685 1345 2718 sub
1366 2683 1543 2726 caestibus,
1559 2688 1597 2716 ut
1618 2684 1668 2719 ait

211 2742 334 2774 Circuit
349 2739 624 2781 conjungendum
641 2741 759 2772 censet
777 2749 852 2772 cum
868 2741 914 2780 τῷ
964 2738 1176 2774 Lactantius.

1816 134 1820 148 ri
1819 119 1820 122 „
1812 0 1820 104 ...-.m.-=
