1820 3068
253 245 339 288 930
755 256 796 286 Ρ.
831 228 1022 287 enimi
1055 255 1224 287 s'rA‘rn

255 349 362 402 Qua
382 350 486 392 data
507 349 634 402 signa
656 362 844 404 sequor:
876 349 980 392 dein
1001 363 1141 393 curvo
1161 351 1317 394 robore
1337 351 1540 395 clausum

252 419 341 461 Dis
364 418 523 472 pelagi,
542 417 785 472 ventisque,
808 425 853 458 et
876 416 1102 472 Cycladas
1123 418 1336 472 AEgaeoni

254 486 494 540 AmpIexo,
515 484 780 526 commendo
801 489 973 538 patrem
993 499 1004 527 ε
1035 499 1115 527 nec
1136 485 1319 530 fletibus
1339 499 1540 543 unquam

253 554 325 596 Sit
344 553 505 594 modus
528 553 740 595 alternis:
770 553 817 594 ni
830 554 925 608 jam
948 553 1146 596 dimittat
1164 554 1263 597 Eoo

253 621 432 663 Lucifer
453 625 574 662 astra
594 622 727 674 polo:
756 625 851 663 tum
871 622 1049 663 demum
1069 623 1220 665 littore
1242 636 1379 666 rauco
1396 668 1398 670 ,

253 689 402 731 Multa
420 696 538 729 metu
558 693 788 742 reputans,
813 692 857 729 et
876 689 956 730 vix
976 688 1146 731 confisa
1167 691 1309 745 Lyaeo

253 757 462 807 Dividor‚
482 756 584 810 ipsa
605 756 742 809 gradu
761 756 921 807 nitens,
942 756 1022 798 sed
1043 761 1089 798 et
1109 759 1249 800 anxia
1268 762 1383 800 retro

1636 553 1724 597 290

250 889 344 918 esset.
392 887 452 922 Eo,
465 898 525 928 qno
539 887 664 925 sig-num
678 887 758 919 mihi
776 886 903 926 factum
926 891 984 921 est.
1029 887 1155 920 Deinde
1178 889 1355 920 commendo
1376 892 1499 929 patrem
1521 887 1663 920 abditum
1685 889 1722 927 in

250 939 344 960 curm
359 940 437 961 nave
451 931 631 962 numinibus
652 931 769 971 pelagi,
795 930 967 971 ventisque,
993 939 1030 962 ac
1054 930 1136 961 muri
1151 931 1263 970 AEga’o
1281 931 1437 972 Cycladas
1449 931 1608 963 ambienti.
1654 932 1722 963 Nec

250 981 387 1012 unquam
391 973 492 1013 finem
499 973 685 1011 fecissemus
691 973 807 1014 flendi,
831 973 894 1004 nisi
910 973 976 1011 jam
992 973 1308 1013 Lucifersugart'sset
1321 974 1426 1006 sidera
1439 984 1459 1005 α
1473 974 1547 1006 coelo
1561 974 1722 1006 orientali.

253 1014 331 1046 Tum
345 1017 467 1046 demum
480 1017 598 1047 avellor
611 1027 631 1047 a
644 1017 794 1057 strepenti
809 1016 893 1056 ripa,
907 1016 1006 1047 multa
1022 1017 1143 1047 volvens
1169 1016 1291 1055 timore,
1313 1019 1344 1048 et
1364 1017 1426 1048 eia:
1443 1017 1566 1048 Baccho
1580 1017 1695 1058 confisa
1707 1027 1722 1054 ‚-

249 1057 318 1098 ipsa
331 1058 535 1099 praecipitans
546 1068 692 1098 gressus:
715 1067 821 1090 terum
835 1062 866 1090 et
882 1068 966 1090 meus
979 1058 1102 1090 animus
1116 1062 1185 1091 erat
1199 1059 1340 1092 solicitus
1353 1060 1392 1091 de
1405 1062 1510 1101 patre,
1532 1068 1622 1100 quem
1635 1063 1720 1091 retro

864 1169 1106 1183 eeeeeeeeeeee

247 1232 317 1276 legi
327 1235 434 1276 jussit
447 1236 733 1269 Bastulus—290
758 1237 814 1269 Fit
828 1238 938 1268 „lodus
947 1237 1093 1277 alternis,
1114 1235 1150 1268 m·
1172 1237 1280 1278 Lang.
1296 1236 1397 1269 Laur.
1414 1236 1549 1269 Buslid.
1567 1235 1736 1277 Lipsian.‘

248 1277 339 1309 Dan.
369 1279 448 1310 Put.
475 1279 597 1311 Petav.
624 1285 771 1322 uterque
794 1280 919 1311 Beltot.
945 1280 1088 1312 Venett.
1107 1280 1202 1311 Rom.
1219 1279 1323 1311 Aldd.
1340 1280 1450 1312 Colin.
1463 1280 1594 1321 Gryph.
1611 1280 1719 1312 Basil.

247 1320 366 1352 Plant.
385 1321 616 1363 Lindenbrog.
630 1323 734 1354 eruc.
748 1323 894 1355 Gevart.
907 1322 1063 1354 Grasser.
1076 1327 1112 1354 et
1124 1322 1272 1354 Ainstel.
1313 1324 1324 1340 ‘
1335 1323 1484 1355 Omnino
1500 1322 1719 1354 scribendum

246 1369 287 1396 ut
304 1364 431 1395 liabent
449 1364 516 1395 duo
533 1365 633 1397 libri:
659 1365 711 1396 Sit
723 1367 858 1403 modus‚·
880 1370 916 1397 et
939 1366 1028 1397 hanc
1051 1366 1238 1398 lectionem
1266 1364 1415 1397 librariis
1441 1366 1634 1406 exprimere
1658 1374 1719 1406 po-

247 1411 339 1438 terat
355 1415 434 1437 usus
463 1409 592 1439 voculae
613 1408 702 1440 nisi!
727 1409 847 1440 Barth.
893 1409 1092 1440 Lectionem
1117 1413 1269 1440 nostram
1295 1408 1423 1449 primus
1446 1407 1556 1439 edidit
1582 1408 1718 1446 Grono:

247 1450 336 1488 vius,
361 1459 459 1491 quem
487 1451 566 1482 vide
594 1451 627 1482 in
655 1451 738 1483 Not.
766 1451 953 1482 van—291
978 1451 1076 1483 Unus
1101 1451 1224 1483 Behot.
1249 1454 1322 1482 tunc
1345 1452 1588 1482 demum—292
1618 1450 1718 1482 Idem

246 1492 355 1524 codex
384 1503 446 1533 pro
471 1493 586 1535 confisa
614 1494 721 1526 habet
736 1493 885 1536 confixa‚·
907 1493 998 1534 quod
1017 1498 1197 1534 peccatum
1213 1494 1336 1534 passim
1353 1493 1493 1524 inlibris
1511 1493 1649 1534 scriptis
1663 1502 1718 1524 re·

245 1535 502 1576 peritum—293
527 1538 537 1553 ‘
554 1537 726 1577 Suspecta
756 1537 883 1568 lectio:
907 1537 975 1577 ipsa
994 1537 1098 1576 gradu
1123 1536 1249 1568 nitens.-
1275 1536 1421 1568 inlibris
1446 1536 1528 1567 nihil
1551 1539 1716 1568 mutatur.

246 1578 335 1610 Haec
351 1579 478 1609 etiam:
501 1580 554 1610 sed
577 1583 610 1611 et
622 1580 721 1611 anxia
743 1583 841 1617 retro,
863 1580 1082 1620 peregrinum
1101 1579 1262 1611 tinniunt.
1309 1578 1351 1610 In
1382 1579 1512 1618 optimo
1527 1578 1646 1610 codice
1661 1587 1717 1609 su-

245 1620 442 1662 prascripta
458 1627 510 1652 est
528 1628 620 1661 nota,
636 1632 704 1664 qua
724 1622 806 1664 quid
838 1621 962 1653 faciam
988 1622 1125 1653 nescio:
1149 1623 1204 1653 sed
1228 1624 1259 1653 et
1283 1621 1350 1653 Set.
1394 1622 1450 1653 An
1466 1622 1599 1662 legerat
1623 1619 1717 1660 alibi,

244 1666 355 1695 stant?
401 1663 480 1695 Non
497 1664 636 1704 definio,
659 1666 724 1696 nisi
742 1665 832 1706 quod
855 1664 968 1696 fateor
982 1675 1047 1696 non
1065 1663 1270 1696 satisfacere
1284 1664 1365 1695 milii
1381 1664 1554 1704 vulgatum
1570 1663 1718 1704 scriptu·

244 1716 328 1737 ram.
373 1707 502 1738 Veram
518 1706 668 1745 offendo,
682 1708 796 1739 omnia
812 1717 964 1747 versans,
987 1708 1022 1739 in
1038 1707 1254 1739 Beliottianis
1270 1707 1499 1739 collectaneis
1522 1706 1714 1738 variarum:

244 1749 396 1790 Divitior,
417 1750 487 1791 ipsa
499 1752 603 1790 gradu
626 1751 759 1792 nitente,
779 1752 833 1782 sed
860 1751 960 1782 anxia
987 1753 1073 1782 retro
1099 1749 1253 1782 Pectora:
1274 1750 1396 1782 Barth.
1441 1749 1531 1781 Haec
1556 1752 1611 1781 est
1636 1757 1717 1780 con·

914 1837 1059 1871 NOTAE

243 1908 300 1938 tur
314 1906 357 1939 sd
373 1907 471 1947 visus,
488 1906 549 1940 sed
576 1907 709 1941 adicer.
754 1909 802 1941 Et
819 1909 947 1941 umbris
1003 1909 1111 1941 Certe
1142 1908 1294 1949 AEgaeum
1325 1906 1427 1938 Mare
1453 1904 1623 1947 Cyclades
1645 1914 1716 1937 sm-

243 1958 442 1990 arcentibus
456 1959 598 1990 aliorum
609 1960 716 2000 visus,
733 1959 948 2001 impedienti·
1005 1961 1182 2002 plectitur.

241 2007 377 2050 busque
402 2018 444 2040 ne
472 2019 532 2041 nos
560 2011 858 2052 conspiceremur:
889 2010 949 2042 ille
1045 2013 1109 2042 289
1131 2008 1300 2051 Amplexa]
1325 2009 1395 2041 Pro
1411 2006 1635 2048 amplexanti.

240 2057 355 2099 longae
381 2057 528 2091 flammae
557 2060 664 2092 ductu
690 2061 855 2101 ostendit,
881 2071 950 2102 qua
1046 2063 1110 2092 290
1144 2060 1199 2092 Sit
1237 2059 1363 2100 modus]
1400 2056 1604 2099 Legendum
1635 2066 1715 2097 esse

240 2108 340 2140 nobis
371 2109 519 2141 eundum
550 2116 652 2143 esset.
710 2111 870 2152 Claravit]
908 2111 950 2142 Id
1006 2111 1070 2152 Sit,
1085 2121 1145 2153 pro
1161 2110 1232 2151 Fit,
1247 2115 1286 2142 ut
1307 2109 1438 2141 habent
1461 2108 1594 2149 priores
1609 2106 1712 2139 editi-

241 2164 306 2200 εει,
342 2161 472 2192 clarum
511 2160 610 2200 fecit,
646 2172 707 2194 seu
751 2162 948 2194 illustravit.
1005 2161 1195 2200 ones‚bene
1211 2159 1412 2192 observavit
1426 2157 1634 2190 Gronovius.
1669 2156 1713 2188 Id

239 2209 388 2242 Plautus
410 2212 649 2245 Mostellaria:
683 2213 855 2255 ‘Speculo
881 2214 950 2244 cla·
1004 2215 1072 2250 est,
1094 2221 1161 2242 non
1185 2210 1385 2243 fecissemus
1410 2209 1511 2240 finem
1534 2206 1654 2247 flendi,
1677 2206 1714 2238 ni

997 2261 1070 2302 jam
1084 2261 1231 2293 instaret
1246 2260 1332 2291 dies.
1374 2258 1430 2290 Sit
1445 2267 1538 2296 vero,
1556 2266 1618 2297 pro
1633 2259 1644 2276 ‘
1656 2254 1713 2288 fu·

1004 2311 1112 2343 isset!
1155 2309 1330 2351 Dimittat]
1353 2309 1424 2342 Pro
1440 2308 1635 2340 dimisisset.
1686 2352 1691 2355 .

1044 2365 1108 2394 291
1153 2360 1285 2400 Lucifer
1310 2359 1400 2392 asim
1433 2358 1520 2401 polo]
1563 2357 1707 2391 Lucifer

238 2263 295 2292 ras
332 2262 497 2294 clarorem
542 2263 697 2295 merum.’
755 2262 949 2296 Ausonius:

239 2309 377 2344 ‘Pouet
394 2311 576 2350 Aristides,
599 2318 736 2345 veteres
762 2313 820 2356 qui
839 2314 949 2346 clarat

239 2362 422 2394 Athenas!

281 2415 346 2444 287
370 2412 474 2444 Curvo
489 2405 611 2455 febor-e]
634 2413 780 2446 Fluviali
795 2413 944 2454 navigio,

239 2462 330 2504 quod
347 2463 421 2494 sinu
438 2463 571 2495 roboris
586 2464 779 2496 iucavatur.

280 2516 346 2545 288
367 2514 532 2555 AEgoeoni]
566 2513 620 2546 An
652 2514 816 2555 intelligit
846 2515 943 2547 Bria-

237 2573 331 2595 reum
347 2573 407 2595 seu
424 2564 632 2605 AEgaeonem‚
657 2565 715 2606 qui
737 2565 848 2597 victus
870 2565 943 2597 alli-

236 2619 337 2654 gatus
353 2614 480 2646 dicitur
493 2625 512 2645 a
522 2615 691 2655 Neptuno
702 2615 853 2656 scopulis
867 2616 943 2646 Ma-

237 2664 284 2694 ris
302 2662 432 2704 AEgaei?
462 2663 594 2695 Statius
617 2663 743 2695 Achilt.
766 2673 792 2695 1.
815 2662 946 2696 ‘Audi-

236 2719 312 2745 erat
326 2715 430 2746 duros
445 2715 618 2746 laxantem
636 2715 802 2755 AEgaeona
816 2713 949 2746 nexus!

236 2764 289 2796 An
307 2764 349 2795 de
367 2764 484 2805 AEgaeo
505 2765 596 2796 Mari
619 2765 735 2805 potius
755 2764 949 2805 intelligen-

236 2814 317 2846 dum
342 2818 405 2854 est,
421 2814 511 2857 quod
534 2824 638 2856 snpra
651 2815 757 2855 AEgon
779 2814 947 2847 vocatur?

1000 2411 1108 2443 Stella
1121 2410 1279 2442 Veneris.
1323 2410 1464 2442 Dicitur
1478 2409 1532 2440 liic
1555 2407 1712 2440 dimitte·
1779 2428 1782 2432 ‹

999 2470 1037 2493 re
1053 2465 1145 2492 astra
1161 2461 1265 2501 polo;
1293 2459 1374 2502 quia
1385 2459 1463 2491 haec
1476 2457 1585 2491 serius
1599 2456 1708 2490 radiis

999 2511 1080 2543 solis
1095 2511 1302 2542 occultatur.

1040 2562 1105 2592 292
1127 2559 1240 2601 Lyaeo]
1267 2559 1416 2591 Baccho.

1040 2612 1105 2642 293
1128 2609 1193 2642 Sed
1214 2612 1247 2642 et
1269 2609 1366 2640 anxia
1387 2611 1475 2640 retro
1489 2607 1638 2648 Peetm,
1650 2616 1708 2639 nee

998 2661 1135 2703 requies]
1178 2661 1270 2693 Mire
1302 2660 1465 2702 exprimit
1494 2659 1708 2701 Hypsipyles
1771 2682 1774 2683 ν

999 2711 1162 2744 affectum
1193 2716 1230 2743 et
1260 2713 1423 2752 pietatem
1449 2717 1534 2749 erga
1560 2714 1707 2750 putrem,
1771 2718 1803 2741 a·

1001 2771 1077 2794 cum
1095 2767 1162 2794 tam
1178 2760 1313 2792 solicita
1327 2759 1374 2791 sit
1399 2758 1443 2790 de
1463 2758 1555 2791 illius
1571 2759 1682 2792 salute
1697 2766 1710 2799 ς

1001 2812 1127 2854 gradus
1142 2811 1184 2844 ad
1202 2811 1332 2852 urbem,
1357 2813 1452 2842 retro
1474 2808 1518 2841 ad
1534 2816 1630 2842 mare
1645 2810 1721 2843 cti*-
1767 2854 1770 2859 ⁸
