1820 3068
174 194 288 237 1100
671 205 712 234 P.
745 202 938 235 immun
972 203 1137 235 s'rA‘rn

176 302 260 343 llle
278 299 459 356 quidem
479 303 522 342 et
543 299 670 342 disco
689 301 847 353 bonus,
868 305 914 342 et
929 301 1194 343 contendere
1216 313 1360 351 cursu,

175 368 274 411 Nec
295 372 437 411 caestu
457 368 623 410 bellare
644 361 808 410 minor:
841 368 918 410 sed
936 368 1074 411 corde
1093 368 1278 410 labores

175 436 292 479 Ante
313 437 427 478 alios
448 440 540 478 erat
559 441 697 478 uncta
715 437 850 480 Pale:
882 438 949 480 sic
972 437 1066 478 otia
1087 436 1245 478 Martis
1564 434 1650 477 830

178 505 365 558 Degere,
386 508 429 545 ct
450 504 679 546 armiferas
701 506 855 547 laxare
878 508 1143 547 assueverat
1161 505 1269 555 iras,

176 571 386 625 Ingentes
407 575 559 614 contra
577 572 652 613 ille
672 573 809 624 viros,
829 572 1047 615 Acheloia
1068 572 1233 614 circum

178 639 371 689 Littora,
391 639 634 694 felicesque
656 640 755 682 Deo
774 644 1042 681 monstrante
1063 640 1316 694 palaestras.

178 706 294 760 Ergo
315 707 394 748 ubi
413 708 612 749 luctandi
627 707 821 761 juvenes
843 709 1043 749 animosa
1065 707 1216 748 citavit

179 774 353 826 Gloria,
374 774 584 816 terrificos
606 775 796 817 humeris
813 776 996 817 AEtolus
1017 776 1204 816 amictus
1565 774 1651 816 835

179 842 384 893 Exuitur,
406 843 688 897 patriumque
710 857 859 886 suem:
891 845 1010 886 levat
1027 843 1168 885 ardua
1189 848 1342 884 contra

180 910 405 960 Membra,
427 910 652 952 Cleonaeae
674 912 827 966 stirpis
841 911 1037 966 jactator
1058 909 1292 964 Agylleus,

183 978 410 1020 Herculea
430 991 513 1020 nec
531 978 646 1019 mole
667 979 834 1021 minor:
866 979 932 1020 sic
954 976 1198 1032 grandibus
1220 978 1307 1019 alte

180 1046 415 1100 Insurgens
436 1046 648 1098 humeris,
670 1047 895 1088 hominem
917 1059 1050 1100 super
1070 1045 1299 1100 improbus
1321 1046 1430 1088 exit.

181 1114 270 1156 Sed
285 1127 375 1156 non
393 1114 468 1156 ille
488 1115 622 1168 rigor,
644 1116 929 1170 patriumque
947 1115 995 1155 in
1017 1126 1200 1168 corpore
1220 1114 1365 1156 robur.
1567 1112 1653 1155 840

180 1256 305 1296 quidem
329 1257 439 1287 doctus
463 1260 494 1288 et
509 1257 592 1288 disco
607 1262 728 1290 certare
743 1262 774 1291 et
795 1268 899 1298 cursu,
911 1268 967 1291 nec
981 1258 1083 1290 minus
1094 1258 1215 1298 peritus
1229 1260 1328 1288 caestu
1342 1255 1539 1288 contendere.
1584 1252 1648 1284 Sed

180 1299 243 1337 ipsi
257 1302 350 1330 uncta
359 1301 504 1339 paloestra
514 1310 581 1340 prae
597 1301 670 1333 aliis
685 1302 797 1333 auidiis
810 1302 897 1334 cordi
908 1304 988 1333 erat.
1031 1300 1087 1332 Sic
1101 1300 1154 1332 ille
1164 1299 1274 1331 solitus
1289 1302 1356 1331 erat
1371 1297 1549 1336 transigere
1560 1296 1652 1328 indu·

180 1342 246 1372 cius
262 1342 393 1379 Martis,
408 1345 438 1373 et
451 1344 570 1374 solvere
585 1343 725 1375 bellicum
740 1344 888 1383 furorem
902 1344 1160 1382 advermssortes
1174 1342 1269 1378 viros,
1291 1351 1382 1381 super
1401 1340 1488 1381 ripas
1511 1338 1654 1377 Acheloi,

181 1384 216 1414 in
237 1386 395 1425 palaestris
412 1385 478 1416 Deo
491 1385 651 1418 inventore
657 1387 848 1425 fortunatis.
893 1383 982 1426 Ergo
998 1396 1069 1418 cum
1081 1395 1250 1426 generosus
1262 1384 1360 1416 tumor
1374 1382 1650 1420 luctandijuvenes

181 1427 315 1463 vocavit,
330 1428 455 1459 AEtolus
476 1428 584 1468 ‹IeJ'icit
599 1429 638 1460 ab
654 1430 791 1460 humeris
804 1430 992 1461 horrendum
1005 1429 1144 1470 pallium,
1162 1430 1193 1459 et
1202 1427 1343 1468 patrium
1358 1436 1455 1458 suem.
1491 1425 1522 1456 Ε
1542 1426 1651 1455 contra

182 1469 336 1510 Agylleus
350 1470 449 1508 ferox
466 1481 578 1509 genere
595 1471 746 1503 Her-cutis
760 1473 877 1504 attollit
892 1482 1034 1514 proceros
1048 1474 1146 1510 artu-³,
1159 1480 1215 1502 nec
1229 1472 1299 1500 erat
1312 1468 1444 1507 inferior
1457 1477 1548 1509 quam
1564 1466 1651 1515 Her·-

182 1513 266 1543 cules
287 1514 426 1554 corporis
441 1514 657 1553 magnitudine
670 1524 680 1544 .·
702 1514 749 1546 sic
764 1519 887 1547 erectus
901 1517 981 1547 celse
995 1513 1176 1554 ingentibus
1196 1512 1333 1543 humeris
1344 1509 1550 1552 supereminet
1557 1509 1654 1540 honn-

182 1565 251 1587 nem
267 1555 421 1589 immanis.
469 1556 532 1588 Sed
548 1567 608 1589 non
623 1566 659 1588 eu
666 1557 813 1599 firmitas
830 1558 977 1590 Herculis
991 1558 1021 1590 ei
1035 1560 1115 1598 erat,
1136 1566 1173 1588 ιιι·
1187 1557 1329 1596 paternae
1350 1555 1434 1586 vires
1455 1553 1491 1585 in
1514 1561 1650 1593 corpore.

790 1654 1032 1668 eeeeeeeeeeee

184 1718 247 1750 dus
264 1718 306 1750 ad
322 1719 416 1759 sylv.
432 1729 466 1752 v.
483 1722 513 1751 3.
529 1722 582 1751 93.
598 1719 703 1760 legit:
727 1721 781 1752 sed
795 1730 870 1752 cara
885 1714 1015 1760 hiberes,
1027 1720 1190 1760 Sym—830
1214 1717 1310 1749 Pales
1323 1715 1432 1755 Lang.
1449 1714 1549 1763 Laut.
1566 1713 1654 1744 Bus-

184 1762 243 1793 lid.
260 1762 412 1802 Lipsian.
427 1764 520 1794 Dan.
540 1764 620 1794 Put.
638 1765 763 1795 Petav.
776 1764 916 1795 Behott.
932 1766 961 1794 1.
976 1766 1008 1795 2.
1026 1761 1131 1794 Aldd.
1148 1761 1256 1792 Colin.
1269 1758 1402 1800 Grypb.
1415 1757 1523 1788 Basti.
1537 1756 1652 1788 Plaut.

185 1804 418 1845 Lindenbrog.
445 1806 546 1838 Cruc.
573 1806 716 1838 Gevart.
733 1811 768 1838 et
794 1806 948 1838 Grasser.
966 1806 1047 1837 Pale
1070 1804 1222 1846 optimus
1248 1801 1468 1839 Barthianus,
1492 1800 1654 1830 Petrens.

184 1846 331 1879 Amstel.
348 1848 502 1880 Gronov.
521 1849 638 1880 Barth.
657 1848 767 1881 veen.
783 1854 821 1881 et
838 1849 966 1889 Delph.
982 1852 1018 1879 et
1033 1848 1081 1879 sic
1102 1848 1205 1878 etiam
1227 1844 1312 1885 legit
1328 1842 1554 1874 Marklandus
1577 1841 1653 1872 loco

184 1890 411 1922 citata—838
439 1891 592 1923 Herculea
603 1901 662 1922 non
677 1893 753 1923 mole
770 1893 875 1932 Lang.
895 1893 998 1923 Laur.
1014 1890 1146 1922 Buslid.
1162 1888 1312 1928 Lipsian.
1329 1886 1418 1917 Dan.
1433 1886 1513 1916 Put.
1530 1884 1653 1915 Petav.

186 1942 274 1964 unus
302 1934 426 1965 Beliot.
445 1934 546 1965 Aldd.
575 1935 686 1966 Colin.
712 1935 846 1975 Grypli.
873 1935 979 1966 Basil.
1010 1933 1124 1964 Plant.
1150 1929 1382 1966 Lindenbrog.
1399 1928 1502 1958 Cruc.
1525 1931 1562 1958 et
1585 1927 1655 1957 Ge-

186 1981 276 2009 vart.
291 1976 449 2009 Herculea
462 1987 518 2009 nec
533 1978 609 2009 mole
625 1977 712 2009 alter
738 1978 861 2010 Behot.
878 1977 1023 2009 Amstel.
1041 1976 1197 2008 Gronov,
1213 1971 1336 2010 Barth.⁴
1352 1970 1460 2004 Veen.
1474 1973 1511 2003 et
1527 1968 1653 2011 Delph.

852 2074 992 2108 NOTAE

231 2152 294 2182 830
322 2150 426 2182 Uncta
455 2149 551 2191 Pale]
573 2149 676 2182 Pales
703 2151 805 2183 etiam
835 2161 893 2192 pa·
951 2150 1124 2183 Homerus
1147 2148 1181 2180 in
1205 2156 1321 2191 pugna
1343 2144 1485 2187 Euryali
1510 2147 1544 2175 et
1569 2141 1655 2184 Epei

188 2202 312 2235 laestris
329 2201 549 2243 praesidebat.
600 2202 719 2245 Uncto]
742 2201 798 2234 Ob
820 2202 896 2234 oleo
951 2201 993 2234 11.
1007 2205 1048 2233 Ψ.

189 2263 256 2296 quo
273 2252 425 2285 Athletae
443 2251 674 2292 ungebantur.
993 2254 1057 2283 837
1082 2249 1249 2290 Cleonoeoe]
1273 2247 1472 2280 Herculeae.
1486 2244 1656 2277 Hercules

232 2306 297 2335 832
320 2301 468 2334 Acheloia
490 2301 633 2343 Littora]
663 2301 836 2334 Achelous
861 2312 894 2334 e·
950 2302 1039 2333 enim
1066 2301 1076 2319 ‘
1091 2297 1290 2332 Cleonaeus'
1315 2297 1430 2329 dictus
1451 2293 1519 2327 fuit
1539 2294 1585 2325 ab
1601 2302 1656 2326 oc-

190 2354 259 2386 nim
275 2352 398 2384 fluvius
415 2351 565 2383 alluebat
589 2351 760 2392 AEtoliam‚
776 2352 895 2394 utjam
952 2351 1022 2383 ciso
1053 2349 1192 2381 immani
1229 2348 1327 2380 leone
1358 2354 1465 2388 prope
1502 2344 1660 2376 Cleonas.

190 2403 349 2439 diximus,
363 2412 440 2444 quae
458 2406 534 2433 erat
548 2401 658 2443 Tydei
675 2401 798 2443 patria.
952 2401 1118 2442 Agylleus
1143 2398 1232 2431 enim
1249 2401 1325 2429 erat
1339 2396 1429 2429 filius
1445 2394 1607 2438 Herculis
1623 2399 1660 2426 et

233 2456 296 2485 833
321 2452 405 2493 Deo]
432 2449 625 2484 Mercurio.
655 2464 657 2466 ·
951 2450 1031 2483 filiae
1060 2448 1244 2488 Molorchi,
1271 2447 1330 2489 qui
1351 2450 1428 2478 erat
1449 2450 1570 2487 pastor
1586 2445 1660 2486 agri

233 2507 296 2536 835
323 2502 489 2545 Ternjficos
509 2502 644 2534 amictus>
665 2502 819 2543 Exuitur,
842 2511 896 2542 pa·
953 2500 1117 2540 Cleonoei,
1129 2498 1256 2541 quique
1266 2495 1543 2529 Herculemillac
1552 2499 1657 2526 trans·

190 2555 346 2595 triumque
359 2552 461 2593 suem]
493 2552 634 2594 Tydeus
650 2554 740 2584 enim
757 2556 832 2584 erat
847 2552 897 2583 in·
952 2556 1090 2583 euntem
1121 2549 1164 2581 ad
1187 2547 1443 2589 expeditionem
1465 2546 1572 2578 leonis
1588 2545 1658 2578 Ne-

191 2604 294 2635 dutus
321 2604 413 2644 pelle
436 2602 618 2644 calydonii
640 2603 728 2643 apri,
752 2607 789 2635 ut
811 2602 897 2634 vidi·
951 2602 1030 2633 maei
1045 2598 1195 2640 hospitio
1216 2600 1430 2638 susceperat.

192 2663 267 2687 mus
283 2653 431 2686 Theb.¹.
475 2652 617 2693 AEtolus]
639 2652 790 2694 Tydeus.
996 2653 1060 2683 840
1083 2649 1146 2681 Sed
1180 2657 1242 2678 mm
1279 2647 1334 2679 ille
1371 2644 1476 2686 rigor]
1515 2643 1662 2686 Supple,

235 2706 301 2736 836
328 2703 430 2735 Levat
463 2705 563 2735 ardua
591 2707 701 2738 contra
737 2701 897 2743 Membra]
953 2703 963 2722 ‘
980 2706 1055 2735 erat
1070 2697 1260 2734 Herculis!

194 2754 294 2787 More
312 2754 488 2796 pugilum.
548 2754 711 2795 Virgilius
748 2753 822 2786 AEn.
861 2761 896 2785 v,
