1820 3068
233 223 321 265 784
764 232 804 261 P.
839 232 1029 262 ΡΑΡιΝιι
1063 232 1229 264 srA'ru

237 328 484 379 Questibus
505 327 661 380 implet
680 338 825 380 agros»,
848 327 1103 382 stabulique
1124 329 1302 371 silentia
1322 332 1470 385 magni

238 395 361 446 Odit,
385 400 430 437 et
451 396 641 436 amissos
662 395 792 449 longo
813 395 897 436 ciet
917 395 1066 438 ordine
1086 400 1250 439 tauros.

237 463 373 505 Illum
393 468 619 516 congestae
638 466 866 516 portarum
882 462 941 504 ad
961 463 1114 505 limina
1134 467 1299 507 matres

236 531 301 573 Ut
322 531 464 572 solum
486 530 653 581 videre,
672 529 814 585 (nefas
828 529 861 584 !)
878 531 1006 573 nulla
1026 532 1202 585 agmina
1222 533 1401 584 circum,

236 599 287 640 M
291 599 642 653 aguanimosque
658 598 808 649 duces,
828 598 937 640 nihil
957 611 1080 640 ausae
1098 611 1310 653 quaerere,
1331 600 1497 643 tollunt

236 667 500 717 Clamorem,
522 667 642 708 bello
663 667 809 721 qualis
830 679 1066 721 supremus
1084 668 1252 721 apertis

236 733 454 784 Urbibus,
477 739 555 776 aut
575 734 737 788 pelago
751 734 847 789 jam
866 731 1163 776 descendente
1179 736 1348 780 carina.

233 803 299 845 Ut
318 804 507 858 primum
527 803 658 844 invisi
677 803 840 857 cupido
861 802 966 845 data
986 803 1122 858 copia
1140 804 1283 859 regis:

234 872 372 914 Hanc
393 870 474 912 tibi
492 870 546 911 de
567 874 691 912 tanto
713 870 852 913 donat
868 870 987 912 ferus
1007 871 1181 923 agmine
1201 871 1384 928 Tydeus

233 939 465 994 Infelicem
484 938 694 988 animam,
716 939 813 980 sive
831 938 931 981 haec
946 939 1165 981 sententia
1188 940 1369 992 Divum,

233 1008 322 1050 Seu
342 1008 523 1049 fortuna
542 1005 652 1048 fuit:
683 1020 778 1058 seu,
799 1009 918 1063 quod
934 1007 1070 1063 pudet
1090 1007 1155 1063 ire
1174 1007 1321 1060 fateri,

1641 604 1699 644 55

1618 943 1699 986 ,60

230 1132 313 1164 tium
327 1130 471 1172 spatiosoe
485 1129 592 1169 cauloe,
603 1133 632 1161 et
649 1131 741 1171 longa
756 1131 837 1162 serie
849 1134 937 1163 vocat
952 1134 1060 1162 tauros
1073 1131 1263 1172 deperditos.
1296 1133 1376 1165 Cum
1388 1135 1540 1165 matrone
1548 1133 1697 1172 conserte

227 1176 270 1206 ad
292 1178 401 1216 portas
425 1176 614 1213 aspexerunt
630 1174 788 1205 Moeonem
810 1175 921 1215 solum,
936 1174 1002 1214 (res
1022 1173 1134 1216 αἰναί)
1157 1177 1188 1207 et
1202 1175 1305 1207 nullas
1317 1176 1403 1208 circa
1416 1185 1484 1208 eum
1499 1176 1650 1214 cohortes,
1665 1181 1696 1208 et

229 1218 383 1249 neminem
418 1226 458 1247 ex
485 1215 630 1254 sortibus
659 1217 800 1256 ducibus,
820 1217 903 1248 nihil
934 1227 1019 1248 uusae
1051 1221 1170 1258 petere,
1203 1219 1298 1250 talem
1322 1220 1417 1251 edunt
1441 1218 1599 1258 eiulatum,
1622 1229 1695 1260 qua-

227 1261 270 1292 lis
289 1261 325 1292 in
347 1260 426 1291 bello
441 1259 569 1290 ultimus
584 1259 631 1300 fit
655 1260 848 1299 expugnatis
870 1259 1009 1300 urbibus,
1033 1263 1091 1291 aut
1115 1269 1194 1292 nave
1206 1260 1278 1300 jam
1298 1271 1398 1303 prope
1411 1263 1445 1294 in
1458 1271 1546 1293 mare
1557 1262 1696 1293 nahmen·-

225 1305 343 1344 genda.
392 1303 438 1334 Ut
461 1302 596 1342 primum
613 1301 755 1340 facultas
779 1303 981 1335 conveniendi
1009 1303 1147 1335 odiosum
1173 1312 1280 1344 regem
1307 1305 1431 1346 efflanti
1456 1314 1600 1336 concessa
1628 1308 1696 1337 est:

229 1348 328 1379 Hunc
353 1345 427 1386 tibi,
453 1345 515 1384 ait,
543 1345 582 1376 de
603 1348 692 1376 tanto
713 1356 839 1377 numero
855 1344 959 1385 fortis
982 1346 1105 1387 Tydeus
1126 1347 1182 1378 dat
1206 1347 1438 1387 infortunatum
1460 1348 1610 1388 animm,
1628 1348 1696 1380 sive

228 1390 295 1423 ἠως
306 1390 448 1422 Deorum
462 1397 549 1419 mens
554 1388 696 1429 suit‚⁸eu
700 1389 846 1431 fortuna,
859 1389 936 1430 sive,
949 1390 1030 1431 quod
1042 1390 1147 1422 dicere
1160 1390 1319 1432 erubesc⁰;
1329 1390 1587 1434 inexpugnabilis
1593 1390 1694 1431 forti·

851 1474 890 1486 ‘O
895 1473 1098 1487 mm&

226 1532 372 1564 alterum
402 1530 556 1563 ordinem
586 1534 724 1562 servant
747 1529 840 1562 Dan.
867 1529 952 1562 Put.
981 1530 1106 1562 Petav.
1134 1529 1244 1570 Lang.
1268 1529 1370 1563 Laur.
1394 1530 1693 1572 Lipsian.Buslid·.

224 1574 543 1607 Taurin.Petrens.
571 1573 658 1606 Exc.
687 1573 834 1605 Cantab.
859 1572 999 1606 Venett.
1029 1573 1127 1605 Rom.
1151 1571 1257 1604 Aldd.
1287 1572 1398 1605 Colin.
1425 1574 1558 1616 Gryph.
1587 1576 1694 1610 Basil.

224 1618 343 1651 Plant.
359 1618 507 1650 Gevart.
532 1617 692 1649 Grasscr.
715 1615 946 1657 Lindeubrog.
972 1616 1073 1648 Cruc.
1095 1620 1131 1647 et
1157 1618 1395 1648 recisum—5⁷
1417 1616 1527 1648 ‘Aliis
1555 1617 1693 1652 editur:

224 1662 400 1693 discedente
414 1660 522 1692 carina
535 1670 547 1697 ;
571 1659 629 1691 sed
660 1665 782 1690 contra
808 1659 955 1700 optimos
979 1658 1110 1690 libros-³
1133 1658 1252 1690 Barth.
1296 1658 1389 1690 Illud
1411 1660 1588 1692 discedente
1613 1671 1691 1694 nus-

225 1714 325 1745 quam
340 1705 477 1743 inveni;
503 1703 685 1734 lectionem
700 1708 851 1734 nostram
876 1706 971 1733 certe
995 1701 1162 1733 exhibent
1185 1700 1290 1733 Aldd.
1305 1703 1387 1734 1.2.
1419 1702 1529 1735 Colin.
1556 1703 1692 1746 Gryph.

227 1750 258 1778 1.
269 1749 301 1779 2.
329 1747 436 1778 Basil.
453 1747 571 1778 Plant.
590 1748 620 1777 1.
636 1748 668 1777 2.
686 1745 832 1777 Gevart.
848 1744 1007 1777 Grasser.
1020 1744 1253 1784 Lindenbrog.
1271 1744 1373 1777 Cruc.
1389 1743 1534 1776 Amstel.
1547 1750 1585 1779 et
1599 1748 1690 1780 Gro-

224 1799 301 1821 nov.
317 1799 461 1831 eamque
478 1793 654 1821 testantur
662 1787 823 1820 Petrens.
839 1788 927 1820 Exc.
945 1787 1240 1819 Cantab.Taurin.
1259 1787 1348 1820 Dan.
1361 1786 1444 1819 Put.
1457 1788 1580 1820 Petav.
1597 1795 1691 1822 uter-

222 1843 290 1873 que
311 1833 438 1865 Behot.
463 1833 572 1872 Lang.
601 1832 702 1863 Laur.
733 1830 885 1872 Lipsian.
911 1834 948 1862 et
971 1829 1196 1862 Buslid.—58
1222 1830 1267 1861 Ut
1277 1830 1448 1870 plurimum
1465 1829 1567 1863 Aldd.
1584 1833 1693 1866 Colin.

223 1876 361 1917 Gryph.
377 1875 485 1908 Basil.
501 1881 537 1907 et
553 1875 668 1906 Plant.
699 1874 743 1906 Ut
764 1873 902 1916 Jm'mum
926 1874 1020 1905 Dan.
1043 1873 1126 1905 Put.
1150 1873 1275 1904 Petav.
1294 1873 1403 1915 Lang.
1418 1874 1523 1907 Laut.
1539 1874 1693 1917 Lipsien-

224 1918 358 1951 Buslid.
374 1919 513 1951 Taurin.
531 1917 691 1949 Petrens.
718 1917 803 1948 Exc.
820 1917 968 1949 Cantab.
991 1926 1108 1949 omnes
1128 1915 1321 1955 Barthiani,
1340 1915 1481 1948 Venett.
1493 1919 1525 1948 3.
1541 1920 1575 1949 4.
1591 1918 1690 1951 Rom.

223 1962 342 1996 Plant.
359 1962 500 1994 Gevart.
521 1960 678 1992 Grasser.
705 1959 938 2000 Lindenbrog.
968 1959 1072 1991 Cruc.
1097 1958 1243 1990 Amstel.
1262 1957 1416 1990 Gronov·
1443 1959 1564 1992 Barth.
1579 1962 1688 1995 Veen.

222 2009 260 2037 et
286 2005 502 2046 Delph.--61
526 2004 651 2036 Petav.
675 2004 798 2034 Behot.
813 2006 846 2034 2.
874 2003 910 2034 in
937 2003 1104 2043 margine,
1134 2001 1292 2033 Petreus.
1315 2001 1456 2034 Venett.
1482 2004 1515 2034 3.
1532 2005 1565 2034 4.
1591 2003 1689 2037 Rom.

221 2047 326 2080 Aldd.
338 2048 450 2079 Colin.
467 2048 599 2089 Grypli.
615 2045 722 2078 Basil.
740 2046 855 2077 Plani.
875 2045 1021 2077 Gevart.
1034 2044 1195 2076 Grasser.
1212 2042 1443 2084 Lindenbrog.
1458 2050 1494 2076 et
1507 2045 1610 2078 Cruc.
1625 2057 1690 2080 ore.

221 2092 231 2108 ‘
251 2091 398 2122 Minime
428 2090 593 2122 mutanda
617 2089 798 2129 scriptura.
852 2089 894 2120 In
922 2088 1062 2129 optimis
1085 2087 1292 2118 membranis
1317 2091 1476 2128 superest
1506 2097 1587 2120 vera
1615 2089 1688 2122 haec

221 2133 346 2166 lectio:
370 2134 404 2166 in
422 2134 498 2165 aliis
509 2133 571 2173 ira,
586 2133 640 2164 vel
652 2142 720 2172 ora,
735 2132 827 2163 clare
843 2131 1010 2173 scriptum
1026 2129 1167 2172 legitur,
1183 2130 1370 2172 pleonasmi
1393 2130 1568 2172 elegantia
1588 2132 1688 2164 libra-

883 2224 1028 2257 NOTAE

221 2301 333 2332 sacra,
355 2291 417 2323 sed
445 2290 562 2323 Graeci
590 2299 631 2322 ac
648 2289 791 2322 Romani
808 2288 842 2321 in
858 2289 929 2321 luc-

220 2348 259 2376 tu
274 2353 310 2375 se
325 2343 468 2384 pulvere
482 2340 774 2382 consperge-bant.
798 2340 929 2372 Noster

220 2394 369 2436 passim:
395 2394 455 2426 lib.
480 2403 532 2425 Vl.
557 2396 565 2410 ‘
581 2392 689 2424 Sedet
710 2391 783 2433 ipse
802 2395 927 2423 exutus

219 2446 350 2478 honoro
365 2445 539 2476 Vittarum
552 2453 642 2475 nexu
662 2444 810 2484 genitor,
826 2450 926 2483 squa-

219 2495 396 2538 lentiaque
426 2505 488 2527 0ra
511 2495 660 2536 Sparsus
689 2498 724 2525 et
760 2493 926 2525 incultam

219 2547 321 2579 ferali
359 2547 502 2588 pulvere
542 2544 708 2577 barbam!
759 2544 927 2584 Virgilius

219 2599 295 2630 AEn.
313 2609 347 2630 x.
370 2598 412 2630 de
436 2598 611 2630 Mezentio
639 2597 673 2628 in
699 2599 812 2627 morte
837 2595 927 2626 Lau-

218 2649 268 2680 si:
293 2648 467 2690 ‘Agnovit
492 2649 594 2689 longe
618 2646 783 2687 gemitum
800 2654 926 2686 praesa-

218 2709 264 2739 ga
288 2700 367 2731 mali
391 2708 506 2730 mens:
539 2697 708 2730 Canitiem
735 2696 844 2727 multo
866 2694 925 2726 de-

218 2749 343 2780 format
382 2749 546 2791 pnlvere.’
599 2748 732 2779 Seneca
760 2746 924 2786 Tragicus

214 2799 374 2832 Troade:
400 2799 553 2831 ‘Solvite
580 2799 723 2839 crinem,
749 2807 811 2838 per
834 2797 924 2829 colla

982 2287 1094 2321 fluant
1115 2289 1244 2321 Moesta
1270 2287 1404 2330 capilli,
1429 2287 1548 2329 tepido
1572 2288 1684 2330 Trojae

983 2340 1136 2372 Pulvere
1154 2344 1284 2381 turpes,
1305 2342 1405 2380 paret
1415 2342 1552 2371 exertos
1567 2339 1686 2371 Turba

980 2390 1141 2422 lacertos.

1022 2444 1066 2473 52
1081 2441 1190 2480 Longo
1217 2439 1341 2481 ordine]
1367 2439 1418 2472 Ut
1443 2443 1541 2472 notet
1569 2443 1683 2471 tauro-

979 2501 1054 2523 rum
1075 2490 1343 2523 multitudinem.

1023 2545 1064 2574 55
1093 2541 1184 2573 Nihil
1211 2551 1297 2572 ausae
1331 2537 1485 2581 φωνεῖ-ε]
1515 2538 1682 2572 Manifes-

981 2597 1052 2624 tam
1068 2592 1160 2625 enim
1183 2591 1234 2623 his
1259 2590 1364 2631 siguis
1381 2594 1593 2631 agnoverant
1615 2590 1684 2622 cla-

981 2643 1072 2675 dem.
1368 2672 1372 2676 .

1023 2696 1064 2725 61
1090 2693 1192 2725 Pudet
1207 2693 1254 2725 ire
1260 2690 1380 2732 fateri]
1403 2690 1459 2723 Sic
1481 2693 1580 2723 vetus
1596 2690 1683 2726 Can-

981 2743 1223 2785 tabrigiensis:
1248 2744 1348 2775 bene.
1368 2742 1446 2782 Ore,
1463 2741 1517 2772 vel
1539 2741 1601 2783 ira,
1625 2741 1681 2773 ha-

978 2794 1062 2826 bent
1079 2793 1236 2836 quaedam
1252 2792 1433 2826 editiones.
1454 2790 1552 2823 Infra
1567 2804 1575 2823 :
1589 2792 1599 2810 ⁸
1612 2792 1680 2824 Vo-
