1820 3068
240 234 329 278 782

240 343 349 397 Ipse
369 341 546 397 quidem
565 342 721 384 mallet
741 346 899 393 terras,
922 345 1178 398 pugnatque
1200 344 1373 396 reverti,

242 411 349 453 Fert
367 412 521 464 ingens
543 424 570 452 a
589 424 738 464 puppe
761 410 910 452 Notus
928 425 938 453 ε
971 416 1073 452 tunc
1095 416 1186 454 arte
1204 412 1364 455 relicta

241 480 452 534 Ingemit,
472 482 516 521 et
536 492 682 521 caecas
701 480 900 533 sequitur
913 481 1008 535 jam
1028 480 1208 522 nescius
1224 481 1394 524 undas:

239 547 368 590 Talis
390 547 647 601 Agenoreus
669 546 844 597 ductor,
864 547 1072 601 coeloque
1092 553 1337 591 morantem

241 615 515 666 Luciferum,
537 619 580 657 et
600 628 723 656 seros
744 615 1031 657 moerentibus
1052 615 1256 670 increpat
1271 621 1405 660 ortus.

241 684 361 726 Ecce
384 684 466 725 sub
488 683 699 725 occiduas
718 695 857 724 versae
871 682 968 737 Jam
988 684 1138 725 noctis
1158 684 1372 736 habenaS,

239 751 565 805 Astrorumque
587 751 753 800 obitus,
768 749 847 791 ubi
868 750 1056 803 primum
1078 753 1277 793 maxima
1295 751 1464 808 Tethys

239 819 427 874 Impulit
448 819 543 860 Eoo
564 820 850 859 cunctantem
872 816 1138 871 Hyperiona
1154 823 1306 873 ponto,

237 883 339 929 Ima
358 886 611 939 flagellatis,
633 885 808 938 signum
825 885 1011 938 lugubre
1031 885 1262 936 malorum,

238 954 522 997 Ponderibus
542 952 787 1008 trepidavit
801 952 976 1003 humus,
997 957 1230 1008 motusque
1250 953 1478 998 Cithaeron

745 248 787 278 P.
821 247 1014 279 PAP1N11
1048 249 1223 280 STA'ru‘

240 1076 340 1110 Orion
365 1077 503 1109 concutit
525 1078 657 1114 coelum‚·
679 1077 744 1118 ipse
758 1076 880 1117 quidem
894 1079 1016 1117 optaret
1033 1080 1164 1117 terram,
1187 1089 1223 1110 ac
1244 1079 1379 1111 enititur
1398 1079 1513 1120 redire,
1534 1080 1589 1112 sed
1600 1079 1702 1118 sortis

235 1124 348 1153 ventus
362 1131 382 1152 ιι
403 1130 503 1162 puppe
517 1120 671 1161 impellit:
693 1123 767 1151 tuuc
780 1120 920 1159 suspirat
933 1119 1014 1150 artis
1027 1119 1198 1161 immemor,
1213 1126 1246 1153 et
1259 1122 1391 1162 ignarus
1399 1123 1471 1162 J'am
1484 1132 1549 1154 sese
1567 1124 1702 1164 permit-

236 1164 279 1195 tit
294 1164 425 1195 incertis
431 1163 585 1206 fluctibus
595 1175 605 1194 .·
633 1162 706 1194 talis
719 1163 864 1203 princeps
882 1162 1057 1202 Thebanus,
1084 1167 1116 1194 et
1140 1165 1245 1205 culpat
1256 1164 1440 1204 Luciferum
1454 1169 1652 1198 cunctantem
1666 1166 1701 1198 in

235 1207 321 1245 coelo,
347 1210 378 1238 et
403 1209 559 1238 Auroram
582 1207 706 1238 tardam
730 1206 873 1237 solicitis.
922 1206 1001 1237 Ecce
1015 1205 1072 1236 sub
1095 1210 1226 1248 tempus,
1248 1217 1306 1248 quo
1331 1217 1442 1239 currus
1453 1208 1526 1248 jam
1541 1208 1701 1240 inclinatoe

235 1250 335 1281 noctis
349 1251 475 1289 occidit,
490 1253 521 1281 et
535 1249 647 1280 obeunt
661 1251 761 1284 astra,
783 1258 851 1279 cum
864 1248 981 1289 Tethys
996 1249 1135 1280 maxima
1150 1250 1263 1291 incipit
1279 1250 1405 1291 abigere
1416 1252 1512 1282 solem
1526 1254 1700 1283 morantem

235 1293 271 1324 in
290 1292 448 1325 Orientali
469 1292 564 1334 mari,
584 1291 693 1335 infima
707 1294 802 1323 terroe
812 1300 890 1334 pars
905 1291 1032 1322 tremuit
1045 1302 1190 1324 concussa·
1201 1294 1292 1335 mole,
1305 1294 1398 1326 triste
1411 1293 1564 1327 indicium
1577 1293 1705 1327 calami-

854 1376 1095 1390 oaeeaemoeeet

236 1444 360 1476 Petav.
375 1443 483 1484 Lang.
501 1438 767 1483 L'aur.*Lipsian.
783 1442 915 1475 Buslid.
931 1444 1070 1475 Venett.
1085 1447 1117 1476 3.
1133 1447 1166 1477 4.
1182 1445 1280 1477 Rom.
1294 1444 1398 1478 Aldd.
1427 1445 1539 1478 Colin.
1569 1446 1702 1489 Gryph.

235 1487 343 1519 Basil.
360 1492 396 1519 et
411 1487 613 1519 1>1ant.-28
626 1489 635 1504 ‘
650 1486 889 1526 Scribendum,
906 1496 983 1518 cum
1000 1486 1200 1519 fidelissimo
1215 1489 1415 1530 exemplari,
1431 1490 1540 1521 malit.-
1555 1495 1705 1531 peceant

234 1540 313 1563 cum
329 1530 430 1570 vulgo
456 1530 571 1561 omnia
594 1528 734 1561 cetera!
757 1529 965 1561 Barth.—-30
989 1534 998 1547 ¹
1015 1530 1054 1560 In
1081 1531 1210 1572 optimo
1234 1531 1293 1563 iilo
1313 1532 1399 1563 libro
1422 1533 1552 1573 legitur
1573 1532 1703 1570 aecium

234 1573 405 1616 quomodo
432 1576 469 1604 et
491 1573 524 1604 in
550 1572 623 1604 aliis
651 1572 746 1603 libris
772 1574 939 1613 scriptum
956 1572 1095 1605 inveni?
1118 1574 1304 1606 Idem—31
1331 1575 1410 1606 ‘Sic
1425 1575 1574 1616 optimus
1595 1575 1702 1608 etiam

234 1616 346 1649 codex
362 1626 370 1647 :
396 1620 432 1646 et
447 1616 575 1657 optime
591 1615 729 1657 quidem
744 1625 751 1646 :
778 1615 846 1647 duo
864 1615 921 1646 alii
936 1615 1074 1647 codices
1090 1626 1098 1647 :
1123 1618 1291 1658 coelumque
1304 1621 1497 1655 morantem
1519 1618 1608 1660 quod
1633 1627 1702 1650 non

234 1659 367 1700 probo.'
389 1660 489 1691 Idem.
520 1660 652 1699 coeloque
678 1662 850 1690 morantem
873 1663 1045 1690 testantur
1076 1659 1165 1690 Dan.
1194 1659 1277 1691 Put.
1307 1660 1429 1693 Petav.
1462 1662 1568 1702 Lang.
1599 1661 1701 1693 Laur-

233 1702 369 1734 Buslid.
401 1702 554 1743 Lipsian.
586 1708 731 1742 uterque
761 1702 885 1732 Behot.
918 1702 1077 1734 Petrens.
1106 1701 1379 1734 Taurin.Burm.
1397 1704 1702 1736 Exc.Cantab.et

234 1745 315 1778 edd.
332 1748 503 1777 vem—33
528 1746 538 1763 ‘
551 1744 593 1776 In
619 1744 750 1785 optimo
766 1744 824 1775 illo
841 1745 1045 1785 exemplari,
1061 1754 1126 1785 quo
1141 1745 1263 1776 meiius
1281 1746 1481 1788 certiusque
1497 1747 1624 1778 nullum
1641 1755 1701 1780 ex-

232 1791 308 1820 tare
324 1788 486 1829 arbitror,
510 1787 639 1820 diserte
663 1787 829 1828 scriptum
855 1791 928 1819 est:
950 1787 1086 1819 occidua:
1100 1797 1206 1820 versus
1221 1787 1315 1827 jam?
1336 1789 1541 1823 Barna-35
1569 1789 1701 1832 Impulit

899 1885 931 1917 N
937 1884 1041 1917 OTAE

233 1953 270 1983 et
295 1950 436 1983 stellato
463 1959 542 1981 ense
569 1948 718 1991 fulgens,
746 1949 838 1992 quod
862 1954 942 1983 ortu

233 2010 295 2033 suo
320 2004 356 2032 et
371 2010 496 2032 occasu
523 2003 751 2041 tempestates
777 2000 941 2033 maximas

231 2050 338 2083 facit:
355 2050 443 2083 unde
459 2051 666 2093 quandoque
680 2055 777 2082 tanta
790 2055 843 2083 est
856 2056 940 2083 tem-

231 2106 360 2144 pestas,
377 2106 415 2134 ut
433 2103 526 2143 polos
542 2102 620 2133 coeli
635 2106 822 2134 concutere
838 2112 878 2134 ac
891 2103 941 2134 in·

232 2153 363 2185 clinare
378 2153 549 2184 videatur.

273 2207 318 2236 29
341 2205 426 2235 Tunc
439 2207 509 2236 arte
531 2204 642 2236 relicta
667 2203 818 2243 Ingemit,
833 2205 864 2234 et
876 2213 936 2234 σαι-

223 2247 284 2286 'cas
298 2254 440 2295 sequitur
457 2254 528 2292 jam
543 2254 666 2286 nescius
679 2253 793 2294 undas]
817 2253 936 2284 Imita-

231 2309 288 2336 tus
305 2309 359 2336 est
376 2305 548 2336 Lucanum
567 2304 696 2336 Poeta:
721 2304 731 2321 ‘
747 2305 793 2335 Et
811 2309 848 2335 ut
865 2303 935 2335 vic-

231 2359 288 2386 tus
318 2354 469 2386 violento
492 2355 610 2386 navita
636 2356 727 2386 Coro
753 2355 824 2385 Dat
847 2354 934 2394 regi-

231 2413 312 2436 men
327 2404 453 2443 ventis,
476 2405 704 2446 ignavumque
720 2408 795 2436 arte
811 2404 936 2436 relicta

174 2492 179 2496 Δ
219 2453 367 2495 Ῥιιρρίε
381 2464 464 2486 onus
478 2454 646 2486 trahitur.’

274 2507 316 2536 31
339 2505 535 2546 Agenoreus]
551 2505 735 2537 Thebanus
748 2515 758 2545 ς
773 2504 934 2537 Eteocles

230 2556 321 2587 enim
351 2556 502 2588 ducebat
538 2566 644 2597 genus
682 2556 725 2587 ab
759 2556 934 2597 Agenore.

233 2607 375 2648 Coeloque
403 2610 575 2638 morantem
603 2605 800 2646 Luciferum]
834 2605 935 2646 Quia,

230 2662 270 2688 ut
282 2657 352 2697 jam
368 2657 530 2694 diximus,
546 2655 687 2688 Lucifer
702 2657 811 2688 serius
827 2656 933 2687 omni-

231 2706 294 2738 bus
309 2707 417 2739 stellis
433 2709 628 2739 occultatur
644 2707 746 2739 radiis
763 2707 855 2740 solis.

273 2759 314 2788 33
343 2757 453 2789 Noctis
466 2757 616 2798 habenas]
641 2759 786 2790 Currum
812 2757 934 2790 Poetae

233 2806 389 2839 tribuunt
406 2808 513 2849 nocti,
530 2812 567 2840 ut
581 2808 654 2849 jam
670 2808 826 2840 diximus.

1039 1953 1081 1983 34
1102 1950 1251 1983 Maxima
1281 1951 1412 1994 Tethys]
1450 1951 1578 1994 Tethys
1613 1961 1700 1984 uxor

995 2001 1167 2043 Neptuni,
1183 2001 1381 2033 Fluviorum
1406 2006 1443 2034 et
1460 2001 1698 2043 Nympharum

995 2061 1130 2092 parens.
1169 2052 1370 2084 Declinatur
1380 2052 1523 2094 Tethys,
1536 2052 1699 2094 Tethyos,

995 2101 1038 2133 ad
1066 2100 1296 2134 differentiam
1321 2102 1477 2134 Thetidis
1504 2103 1625 2135 matris
1651 2102 1698 2134 A·

995 2152 1119 2193 chillis,
1135 2153 1233 2194 eujus
1251 2162 1372 2185 nomen
1398 2153 1593 2186 declinatur
1607 2153 1699 2186 The-

992 2204 1049 2244 tis,
1076 2204 1247 2244 Thetidis,
1272 2209 1309 2236 et
1332 2205 1563 2236 diversimode
1594 2204 1697 2236 etiam

990 2253 1158 2285 scribitur.
1211 2254 1374 2296 Maxima]
1396 2254 1547 2296 Propter
1576 2254 1694 2296 ampli-

990 2303 1145 2335 tudinem
1183 2305 1297 2345 maris,
1328 2305 1427 2346 cujiis
1465 2305 1583 2346 regina
1621 2314 1698 2338 esse

992 2353 1141 2386 traditur
1158 2364 1166 2386 :
1191 2355 1335 2386 sumitur
1350 2359 1388 2386 et
1404 2364 1466 2396 pro
1482 2355 1556 2396 ipso
1573 2354 1670 2387 mari.

1032 2407 1072 2436 35
1097 2404 1300 2446 Hyperiona]
1324 2405 1518 2446 Hyperion,
1543 2405 1618 2437 aliis
1634 2405 1697 2437 So-

989 2455 1030 2487 lis
1048 2459 1160 2496 pater,
1182 2456 1258 2488 aliis
1283 2456 1342 2488 Sol
1358 2457 1444 2498 ipse.
1487 2456 1608 2488 Poetae
1631 2465 1695 2496 pro

989 2505 1064 2547 ipso
1089 2506 1169 2538 Sole
1194 2511 1372 2547 usurpant.
1416 2506 1559 2538 Fabuiae
1582 2506 1694 2537 locum

989 2555 1098 2596 dedit,
1113 2556 1203 2598 quod
1221 2556 1415 2598 Hyperion,
1432 2560 1468 2587 ut
1484 2555 1590 2588 docet
1607 2555 1694 2588 Dio-

988 2606 1105 2646 dorus,
1120 2617 1197 2638 cum
1223 2611 1316 2638 esset
1338 2606 1416 2638 coeii
1432 2605 1532 2646 filius,
1547 2605 1636 2637 Solis
1652 2615 1693 2638 ac

987 2657 1096 2689 Lunae
1119 2666 1236 2688 cursus
1266 2656 1520 2695 monstraverit,
1547 2655 1693 2697 ideoque

987 2716 1030 2739 ex
1043 2708 1117 2748 ejus
1130 2706 1189 2738 filii
1201 2706 1351 2746 nomine,
1362 2705 1467 2738 fuisse
1479 2706 1583 2738 solem
1601 2707 1610 2724 ‘
1621 2706 1693 2749 He·

988 2756 1082 2797 lion,'
1099 2761 1134 2788 et
1147 2757 1288 2797 Lunam,
1300 2765 1341 2787 ex
1356 2755 1435 2788 tiliae
1448 2755 1596 2797 nomine,
1610 2755 1621 2774 ⁸
1632 2755 1692 2788 Se·

988 2807 1108 2840 lenen'
1124 2812 1292 2840 vocatam.
