1820 3068
259 220 345 263 896

760 229 803 260 Ρ.
837 227 1027 259 PAPINU
1059 227 1226 259 STATu

258 325 362 378 (Ille
385 325 443 367 ad
459 325 641 366 humum
660 321 860 379 pallens)
881 322 1013 366 Unde
1033 323 1133 366 haec
1151 322 1392 366 furibunda
1410 323 1589 378 cupido,

261 393 399 444 Nate,
420 393 535 434 tibi?
568 397 813 447 teneroque
832 392 952 434 unde
972 392 1181 447 improba
1195 396 1378 459 pectore
1400 392 1542 435 virtus
1557 393 1577 434 't

260 460 332 502 Tu
351 460 483 502 bellis
501 464 654 514 aptare
673 460 794 503 viros
808 462 828 502 'l
860 464 908 502 tu
929 460 1131 514 pondera
1145 460 1259 502 serre

1643 459 1729 502 320

265 527 443 578 Martis,
464 531 508 568 et
526 527 737 570 ensiferas
758 528 869 569 inter
887 531 1019 583 potes
1038 527 1103 569 ire
1119 531 1324 571 catervas
1338 529 1358 569 ’ἱ

265 594 532 649 Quanquam
553 595 726 637 utinam
747 596 887 638 vires!
915 608 1061 650 nuper
1079 598 1123 637 te
1143 596 1316 650 pallida
1333 595 1444 646 vidi,

271 663 384 704 Dum
400 663 562 716 premis
581 664 750 706 obnixo
771 664 992 706 venabula
1008 664 1215 705 cominus
1234 677 1361 720 apro,

263 730 443 785 Poplite
465 730 683 773 succiduo
701 732 954 786 resupinum
975 743 1031 773 ac
1050 744 1178 785 paene
1192 736 1414 774 ruentem:

263 797 326 839 Et
340 798 388 840 ni
409 804 596 841 curvato
618 800 848 841 torsissem
868 798 1042 853 spicula
1062 811 1215 850 cornu,

1644 797 1730 839 325

271 865 400 908 Nunc
420 866 499 908 ubi
517 866 637 908 bella
658 867 774 909 tibi?
805 867 868 908 nil
888 870 932 908 te
949 879 1053 908 mea
1072 867 1164 909 tela
1175 867 1413 922 juvabunt,

263 933 311 976 N
314 947 367 975 ec
387 937 550 976 teretes
572 947 719 986 arcus,
738 934 928 977 maculis
947 948 1027 976 nec
1047 934 1244 977 discolor
1265 935 1374 976 atris

265 1000 376 1051 Hic,
397 1001 470 1042 cui
489 1000 609 1051 fidis,
631 1014 786 1056 equus.

843 1001 1024 1055 Magnis
1045 1002 1283 1044 conatibus
1305 1002 1464 1052 instas,

261 1066 357 1110 Vix
380 1068 610 1123 Dryadum
629 1069 851 1122 thalamis,
873 1069 1358 1125 Erymanthiadumque
1376 1068 1515 1112 furori

265 1202 306 1232 nd
315 1201 411 1243 pedes
422 1202 544 1242 pallens
557 1202 681 1245 desilit)
695 1214 705 1236 .·
739 1204 831 1236 Unde
845 1202 898 1235 hic
908 1203 970 1235 tibi
983 1203 1110 1236 rabidas
1124 1205 1231 1241 ordor,
1245 1213 1264 1236 o
1275 1203 1334 1246 fili
1342 1201 1360 1238 ἓ
1379 1205 1462 1237 ande
1476 1205 1645 1237 immotam
1661 1203 1734 1245 sor-

262 1244 367 1275 titudo
381 1244 416 1276 in
432 1245 516 1277 molli
537 1247 650 1279 corde?
671 1250 707 1278 tu
728 1246 886 1279 instruere
909 1247 1016 1288 copias
1041 1248 1082 1279 ad
1106 1247 1242 1279 bennun
1261 1250 1298 1279 tu

1317 1251 1444 1289 portare
1458 1247 1581 1279 Martis
1593 1256 1682 1286 onas,
1701 1249 1735 1278 et

264 1290 354 1327 potes
375 1287 518 1320 incedere
540 1289 625 1320 inter
648 1290 820 1329 phalanges
837 1290 931 1328 ferro
955 1290 1135 1322 accinctas?
1155 1290 1297 1331 quamvis
1309 1290 1431 1322 utinam
1445 1290 1505 1323 tibi
1517 1289 1614 1322 robur
1627 1292 1706 1322 esset
1717 1289 1734 1320 ,Ι

266 1330 388 1371 Nuper,
408 1332 482 1362 dum
505 1332 634 1373 propius
648 1333 826 1373 impellebas
840 1333 1023 1364 venabulum
1036 1333 1071 1364 in
1085 1333 1280 1365 resistentem
1293 1342 1418 1374 aprum,
1440 1337 1472 1365 te
1490 1333 1611 1374 pallida
1623 1331 1734 1373 aspexi

258 1372 332 1410 sere
348 1372 501 1412 dejectum
527 1376 562 1406 in
587 1378 725 1414 tergum,
747 1379 778 1407 et
803 1376 965 1407 cadentem
986 1375 1112 1408 labante
1135 1385 1241 1415 genu.-
1264 1378 1296 1407 et
1320 1375 1384 1407 nisi
1396 1376 1489 1418 flexo
1507 1385 1583 1407 arcu
1595 1375 1734 1416 sagittus

266 1415 447 1456 emisissem,
468 1427 548 1448 nunc
561 1417 615 1449 ubi
630 1418 740 1449 bellum
754 1421 831 1449 esset
848 1417 936 1450 tibi?
956 1418 1037 1449 nihil
1056 1418 1116 1450 tibi
1138 1428 1215 1449 meoe
1239 1418 1370 1458 sagittoe
1386 1419 1570 1459 proderunt,
1590 1427 1645 1450 nee
1658 1418 1735 1449 levis

264 1468 368 1497 arcus,
390 1468 445 1490 nec
459 1460 509 1491 hic
523 1470 618 1500 equus
629 1462 809 1501 variegatus
823 1460 928 1501 nigris
942 1461 1083 1499 maculis,
1105 1471 1164 1502 quo
1181 1461 1291 1500 fretus
1306 1470 1349 1493 es.
1381 1460 1513 1501 Maiora
1525 1464 1629 1493 tentas
1639 1470 1729 1501 puer.

265 1501 324 1532 cix
346 1505 467 1534 mature
488 1503 635 1544 conjugio
660 1504 840 1545 Dryadum,
861 1513 899 1535 ac
922 1504 1024 1536 amori
1049 1504 1270 1546 Nympharum
1296 1503 1592 1546 Erymanthiadum.
1638 1504 1735 1536 certa

881 1605 1018 1618 eeeeeee

1021 1604 1119 1619 θθθθθ

270 1676 360 1710 Nata
376 1678 436 1710 tibi
450 1679 485 1711 in
509 1679 631 1712 eodem
651 1679 788 1712 codice.
832 1680 914 1713 Duo
930 1678 1031 1712 codd.
1046 1679 1216 1712 Gronovii
1230 1690 1239 1710 :
1263 1683 1370 1712 teum
1382 1681 1477 1721 ande,
1498 1680 1588 1722 quod
1603 1681 1662 1714 ille
1677 1690 1733 1713 ve-

267 1730 343 1752 rum
360 1725 582 1762 putat—320
607 1723 654 1754 Tu
680 1723 768 1754 bellis
794 1726 904 1763 aptare
930 1722 1033 1753 virum
1058 1732 1176 1764 margo
1200 1726 1256 1755 ed.
1284 1723 1407 1755 Barth.
1421 1733 1465 1755 ex
1481 1723 1600 1755 codice
1615 1734 1735 1756 manu·

266 1763 520 1805 scripta—323
544 1767 631 1798 Dum
644 1765 762 1807 premis
775 1765 909 1797 obnixus
923 1774 1010 1796 uuus
1026 1765 1260 1798 Eetion—32⁵
1286 1767 1332 1798 Et
1343 1765 1407 1799 nisi
1420 1770 1550 1798 curvato
1565 1776 1651 1799 unus
1666 1767 1733 1799 Be—

928 1861 1073 1895 NOTAE

311 1927 375 1957 318
398 1925 478 1967 (Ille
501 1927 543 1958 ad
568 1927 695 1960 humum
713 1926 866 1970 pallens)]
888 1926 976 1968 Sup-

269 1976 339 2017 ple,
362 1975 494 2010 desilit.
539 1977 627 2010 Haec
660 1979 766 2010 verba
787 1979 823 2011 in
854 1987 976 2019 paren·

269 2027 357 2059 thesi
375 2027 488 2068 posita
501 2028 698 2061 violentiam
720 2029 852 2069 matris,
868 2028 976 2069 pudo-

268 2086 411 2118 remque
430 2088 470 2110 ac
487 2084 663 2120 stuporem
679 2078 740 2111 filii
756 2078 896 2121 egregie
920 2087 978 2109 ex-

266 2127 398 2160 hibent.
441 2129 548 2161 Simul
565 2130 712 2172 abrupta
727 2131 837 2162 oratio
847 2130 978 2162 indicat

268 2176 434 2211 affectum
446 2179 610 2221 loquendi
625 2180 843 2221 praecipitem
860 2179 894 2211 in
907 2187 977 2211 ma—

254 2231 339 2274 ·tre,
361 2228 494 2260 tardum
516 2229 551 2261 in
567 2230 650 2270 filio,
663 2230 808 2263 velutin
825 2228 978 2261 facinore

266 2271 493 2312 inexcusabili
520 2280 747 2322 deprehenso.
792 2280 904 2313 Mirus
926 2283 977 2311 ta·

269 2330 353 2362 lium
379 2329 506 2362 artifex
525 2331 702 2372 Papinius.
724 2330 892 2363 Barthius.

311 2383 377 2413 319
401 2382 577 2422 Teneroque
592 2381 689 2421 unde]
712 2381 754 2412 In
771 2380 904 2413 duobus
918 2390 979 2421 op-

269 2430 364 2462 timis
388 2430 502 2471 reperi
516 2441 526 2470 ;
548 2434 653 2462 tenero
667 2431 762 2471 unde,
777 2430 868 2472 quod
882 2439 976 2471 pror-

272 2489 330 2511 sus
346 2480 607 2521 verumjudico‚
629 2485 667 2512 et
680 2480 718 2512 τὸ
733 2490 792 2521 que
801 2480 974 2522 adjectum

269 2529 315 2562 ab
331 2529 383 2570 iis,
402 2530 459 2571 qui
484 2530 544 2570 jus
570 2530 757 2562 Poetarum
784 2530 818 2562 in
846 2530 974 2562 talibus

270 2580 488 2621 ignorabant.
532 2580 695 2621 Virgilius
711 2580 788 2612 AEn.
804 2590 857 2612 vr.
880 2580 891 2598 ‘
905 2581 976 2612 No-

270 2640 349 2662 men
359 2635 394 2662 et
406 2639 488 2662 arva
503 2631 617 2662 locum
632 2637 792 2663 servant:
815 2635 852 2663 te
869 2631 977 2663 amice

270 2680 408 2720 nequivi
425 2680 656 2721 Conspicere.'
689 2681 878 2713 Gronovius.

315 2733 378 2762 323
405 2730 544 2771 Premis]
583 2732 648 2763 Est
675 2731 815 2764 verbum
841 2737 981 2766 venato-

272 2781 371 2813 rium.
417 2781 563 2813 Ovidius
580 2782 613 2813 in
630 2782 799 2816 Phaedra:
829 2783 838 2801 ‘
856 2782 898 2815 In
920 2792 979 2816 ne-

1031 1935 1106 1958 mus
1120 1926 1171 1958 ire
1187 1926 1285 1965 libet,
1300 1926 1496 1968 pressisque
1512 1926 1548 1958 in
1563 1927 1652 1958 retia
1661 1935 1738 1959 eer-

1030 1976 1081 2009 vis
1111 1977 1256 2009 Hortari
1282 1977 1414 2010 celeres
1441 1986 1506 2018 per
1526 1977 1614 2018 juga
1641 1977 1734 2008 celsa

1030 2027 1158 2060 canes.’
1188 2027 1401 2069 'Vin-gilius:
1458 2026 1622 2068 ‘Ingenti
1661 2027 1731 2058 cla-

1029 2088 1124 2111 more
1137 2088 1272 2120 premes
1297 2078 1342 2110 ad
1370 2079 1459 2110 retia
1481 2076 1645 2110 cervum.'
1668 2077 1732 2108 0⁶-

1031 2129 1107 2160 nixo
1122 2129 1214 2171 apro]
1234 2128 1326 2160 Vide
1339 2128 1452 2160 Theb.
1466 2137 1510 2161 η.
1527 2131 1604 2161 475.

1075 2181 1141 2211 324
1163 2179 1293 2220 poplite
1316 2178 1475 2219 enaddan]
1505 2178 1596 2210 Nam
1617 2178 1732 2210 valido

1030 2228 1106 2260 nisu
1128 2228 1296 2270 firmoque
1323 2228 1432 2270 gradu
1457 2228 1613 2260 venatori
1645 2237 1732 2269 opus

1030 2282 1097 2310 est.
1142 2278 1243 2310 Unde
1258 2283 1354 2310 recte
1367 2277 1577 2310 Claudianus
1594 2287 1604 2308 ε
1624 2278 1635 2297 ¹
1649 2278 1683 2310 N
1685 2278 1734 2310 ix-

1031 2338 1139 2371 usque
1151 2338 1240 2369 genu
1253 2328 1423 2360 venabula
1434 2326 1574 2360 condit!

1074 2381 1139 2411 326
1174 2379 1237 2411 Nil
1256 2382 1288 2411 te
1314 2388 1384 2411 mea
1406 2379 1472 2410 tela
1491 2377 1664 2420 jambunt]
1688 2378 1730 2410 ln

1030 2428 1122 2462 bello
1136 2429 1283 2462 scilicet.

1073 2482 1137 2512 32⁷
1159 2480 1297 2512 Manlia
1310 2489 1366 2511 nec
1377 2480 1511 2512 discolor
1520 2478 1616 2519 atris]
1633 2479 1731 2511 Maro

1030 2530 1064 2562 in
1079 2530 1186 2561 Turni
1215 2539 1304 2571 equo
1330 2530 1480 2561 colorem
1505 2533 1638 2561 tantum
1661 2538 1731 2560 ma-

1032 2581 1186 2613 cularum
1198 2584 1310 2612 mittat
1321 2590 1331 2612 2
1344 2581 1355 2598 ‘
1363 2579 1509 2612 Maeuiis
1520 2588 1621 2621 quem
1627 2578 1732 2610 Thra-

1032 2632 1106 2664 cius
1118 2631 1203 2663 albis
1226 2632 1350 2663 Portat
1363 2629 1495 2673 equus)

1077 2684 1141 2714 329
1162 2681 1346 2723 Dryadum]
1367 2679 1541 2721 Dry-des,
1554 2679 1641 2712 Deae
1664 2679 1731 2721 syl-

1034 2735 1180 2772 vestres,
1201 2732 1252 2763 sic
1267 2729 1385 2770 dietae,
1406 2730 1499 2772 quod
1514 2739 1659 2772 quercus
1682 2731 1732 2762 in*-

1034 2782 1205 2822 colebant,
1224 2781 1294 2822 δρῦε
1318 2780 1408 2814 enim
1431 2781 1558 2814 Graece
1587 2789 1731 2822 quercum
