1820 3068
201 266 288 309 826

697 280 738 309 P.
771 278 963 311 PAPlNu
997 278 1164 311 STATn

200 373 442 426 BranchuS,
464 376 508 416 et
529 374 712 417 undosae
734 376 812 429 qui
830 375 1023 419 rusticus
1042 376 1198 419 accola
1218 377 1341 420 Pisae

201 443 334 486 Pana
351 443 584 498 Lycaonia
602 449 870 487 nocturnum
891 444 1080 488 exaudit
1098 446 1144 487 in
1162 446 1330 489 umbra.

1580 448 1668 491 480

201 560 299 588 terme
311 555 440 596 gloriae,
459 559 552 598 atque
575 557 713 598 agrestis
734 557 861 589 colonus
884 567 1007 599 aquosae
1023 556 1124 598 Pisae,
1143 556 1197 598 qui
1210 560 1303 589 noctu
1316 557 1406 589 audit
1421 558 1512 590 Pana
1525 557 1559 590 in
1572 558 1670 601 sylvia

807 642 828 655 O
833 641 949 654 ““““

199 711 265 742 2179
287 713 298 727 ‘
315 707 435 741 Nostri
451 707 611 740 codices:
635 710 760 740 undosa·
780 709 887 746 Pisoe,·
910 718 976 740 nec
999 707 1161 740 audiendi
1182 708 1240 751 qni
1256 708 1389 741 malunt
1402 710 1563 748 umbrosoe,
1585 709 1670 743 licet
1695 697 1699 699 λ

951 641 1051 654 00000

199 758 238 784 et
252 752 320 795 ipsi
336 752 426 784 bona
443 751 575 784 ratione
591 751 682 784 nisi!
704 751 823 785 Barth.
867 752 959 784 Vide
974 751 1126 784 Andreae
1151 751 1287 785 Schotti
1308 752 1413 786 Obss.
1439 753 1499 786 lib.
1515 762 1558 787 ιι.
1588 763 1669 796 cap.

860 845 1008 880 NOTAE

200 920 280 947 ant:
318 916 356 945 et
379 912 490 945 donec
519 912 727 955 invenerint,
748 917 910 954 moerent,

199 963 332 996 derasis
356 964 459 995 etiam
483 963 680 1005 capitibus:
705 974 770 996 nec
793 968 910 996 tamen

199 1024 350 1057 unquam
369 1013 426 1045 diu
448 1014 643 1055 qnaeritur:
668 1014 827 1046 inventus
851 1014 910 1045 de·

198 1065 341 1097 ducitur
375 1065 565 1106 Memphim
593 1074 614 1096 a
648 1063 910 1097 Sacerdotibus.

198 1117 289 1148 Sunt
304 1116 450 1147 delubra
465 1116 498 1147 ei
515 1116 662 1156 gemina,
687 1125 766 1157 quae
783 1119 912 1146 vocant

197 1166 380 1205 thalamos,
405 1166 550 1208 auguria
573 1166 802 1208 populorum:
826 1166 911 1197 alte·

199 1226 275 1249 rum
293 1217 439 1249 intrasse
462 1217 578 1249 laetum
596 1223 663 1257 est,
680 1217 715 1248 in
732 1217 843 1248 altero
859 1216 910 1248 di-

197 1278 236 1301 ra
252 1269 442 1310 portendit.
487 1269 667 1309 Responsa
682 1267 825 1309 privatis
836 1266 910 1308 dat,

165 1327 167 1329 ’
199 1328 335 1351 emanu
352 1318 606 1351 consulentium
629 1318 745 1351 cibum
772 1318 910 1359 capien-

199 1370 257 1402 do.
289 1369 490 1402 Germanici
506 1370 652 1402 Caesaris
669 1379 804 1402 manum
816 1378 911 1401 aver-

199 1425 294 1452 satus
311 1426 378 1460 est,
393 1420 482 1452 haud
508 1421 618 1453 multo
646 1426 725 1462 post
753 1420 910 1453 extincti.

201 1471 327 1504 cetero
343 1476 510 1513 secretus,
526 1481 604 1503 cum
620 1481 658 1503 se
683 1472 855 1514 proripuit
875 1471 910 1502 in

201 1526 326 1562 coetus,
361 1522 494 1554 incedit
530 1527 703 1556 summotu
733 1523 909 1563 lictorum,

200 1583 356 1616 grexque
372 1583 557 1615 puerorum
571 1574 756 1606 comitatur
770 1582 909 1606 carmen

198 1625 319 1657 honori
349 1625 422 1666 ejus
453 1626 672 1657 canentium:
713 1625 909 1666 intelligere

200 1676 350 1713 videtur,
374 1680 411 1707 et
428 1675 563 1707 adorari
578 1677 680 1708 velle.
726 1676 774 1708 Hi
787 1685 910 1716 greges

201 1732 350 1769 repente
371 1727 539 1770 lymphati
561 1725 679 1758 futura
692 1724 910 1768 praecinunt.’

203 1779 386 1812 Hactenus
408 1779 556 1811 Plinius.

194 1839 266 1872 ,nus
298 1829 524 1861 Marcellinus
553 1829 682 1861 tradit:
706 1829 717 1847 ‘
733 1827 911 1870 Cumque,'

202 1882 266 1921 ait,
280 1881 462 1912 ‘initiante
474 1880 667 1912 antistitum
681 1889 823 1911 numero
836 1888 914 1910 cen·

206 1936 294 1971 tum,
316 1931 477 1964 inductus
494 1931 527 1962 in
550 1930 738 1962 thalamum
754 1938 832 1961 esse
847 1939 915 1960 cce-

205 1982 300 2026 perit
313 1992 421 2018 sacer,
438 1981 651 2023 conjecturis
668 1980 799 2022 apertis
818 1980 917 2020 signa

207 2042 323 2066 rernm
360 2031 559 2064 futurarum
603 2031 732 2063 dicitur
777 2030 916 2062 demon·

206 2089 319 2118 strare
334 2095 344 2117 t
369 2087 406 2115 et
416 2083 585 2115 adeuntes
603 2082 767 2124 quosdam
783 2081 916 2113 indiciis

206 2135 317 2168 averti
334 2133 473 2166 videtur
488 2134 646 2175 obliquis,
661 2138 700 2164 ut
711 2131 916 2165 offerentem

207 2186 320 2219 cibum
336 2183 521 2226 aliquando
537 2184 784 2217 Germanicum
804 2184 916 2216 Caesa·

207 2246 293 2277 rem,
307 2236 396 2267 sicut
409 2236 539 2267 lectum
551 2239 620 2275 est,
636 2239 825 2274 aversatus,
837 2244 915 2276 por-

208 2287 373 2320 tenderat
401 2291 480 2328 post
514 2286 701 2318 eventura?
751 2286 843 2318 Vide
880 2291 917 2318 et

209 2338 407 2380 Diogenem
431 2337 608 2369 Laertium
632 2337 667 2368 in
687 2336 846 2376 Eudoxo,
880 2341 918 2368 et

210 2390 422 2423 Pausaniam
453 2388 487 2419 in
519 2387 693 2420 Achaicis.
739 2386 917 2428 Niliacum]

211 2441 305 2475 Quia
331 2441 365 2472 iu
383 2439 544 2481 AEgypto,
563 2438 661 2479 cujus
678 2438 777 2470 Nilus
794 2437 918 2470 fluvius

210 2497 265 2523 est
282 2491 494 2528 notissimus,
518 2488 607 2530 Apis
633 2489 814 2520 colebatur
843 2489 917 2520 bos.

212 2542 386 2582 Patrwque
423 2541 552 2581 equalis
587 2540 698 2572 honori
733 2539 918 2581 Branchus]

211 2592 440 2625 Scribendum
459 2590 630 2631 Patr-ioque
646 2594 789 2631 oequatus
809 2591 920 2623 honori

211 2645 393 2682 Branchus,
408 2651 450 2673 ex
469 2643 564 2673 Lact.
578 2641 620 2672 ad
632 2641 738 2673 Theb.
750 2650 834 2673 vnl.
848 2642 919 2683 qui,

212 2695 272 2727 ubi
288 2695 409 2730 Poeta,
433 2694 443 2711 ⁴
459 2693 507 2724 Et
532 2693 659 2724 intonsi
681 2692 800 2725 cludet
816 2702 919 2734 pene-

212 2746 315 2778 tralia
339 2742 513 2784 Branchi,'
534 2743 610 2775 haec
627 2743 696 2775 ait:
719 2744 729 2761 ‘
742 2743 920 2776 Branchus

211 2795 383 2838 Apollinis
399 2799 452 2826 est
468 2793 569 2834 filius,
583 2797 621 2826 et
635 2793 710 2834 ipse
726 2792 922 2827 futurorum

202 2845 439 2889 ‚peritissimus
469 2844 577 2876 Deus.
632 2844 684 2876 Ut
711 2843 786 2886 ipse
814 2844 920 2877 alibi:

601 1777 732 1810 Eadem
759 1776 921 1813 Amniia-,

963 912 1140 955 Patr-ioque
1174 918 1317 955 oequatus
1348 914 1459 947 honori
1482 914 1684 949 Branchus-⁹.

962 963 1020 995 Sic
1036 964 1167 996 Noster
1185 964 1344 1005 lacrymis
1358 965 1517 998 Etrusci:
1541 967 1552 984 ⁴
1568 966 1685 999 Celse-

965 1018 1124 1046 natornm
1140 1015 1293 1056 aequavit
1312 1014 1456 1048 honori!
1499 1015 1671 1058 Intelligit

965 1069 1080 1096 autem
1107 1064 1281 1096 oraculum
1303 1065 1455 1097 Branchi
1478 1066 1570 1108 quod
1594 1071 1673 1099 erat

966 1114 1056 1156 apud
1065 1114 1248 1146 Posideum
1258 1114 1422 1156 oppidum
1432 1115 1554 1157 Ioniae,
1570 1116 1581 1134 ‘
1594 1125 1684 1148 ora--

965 1165 1079 1197 culum
1111 1165 1384 1198 Branchidarum
1399 1165 1407 1179 ’
1442 1167 1671 1208 appellatum,

966 1225 1057 1248 nunc
1092 1216 1103 1233 ‘
1121 1215 1293 1256 Didymaei
1320 1216 1518 1259 Apollinis‚’
1553 1222 1594 1250 ut
1622 1218 1672 1251 ait

966 1266 1102 1299 Plinius
1128 1266 1186 1298 lib.
1204 1275 1239 1300 v,
1267 1276 1346 1309 cap.
1364 1270 1419 1300 29.
1463 1269 1671 1302 Lactantius

963 1317 1019 1349 hic
1035 1317 1156 1350 scribit
1178 1318 1374 1351 Branchum
1397 1318 1501 1351 fuisse
1526 1316 1672 1362 puerum

962 1368 1163 1401 Thessalum
1172 1369 1336 1401 dilectum
1349 1369 1513 1412 Apollini,
1525 1376 1564 1403 ut
1575 1371 1671 1414 Hya-

964 1419 1130 1459 cinthum,
1161 1426 1263 1461 quem
1295 1420 1424 1452 acriter
1448 1421 1671 1454 interfectum

964 1471 1085 1504 dolens
1102 1473 1232 1513 templo
1249 1476 1291 1504 etv
1307 1473 1467 1514 sepulcro
1491 1483 1671 1507 consecra-

965 1522 1028 1554 vit.
1074 1522 1121 1554 Et
1145 1521 1274 1554 Strabo
1289 1522 1349 1554 lib.
1367 1532 1444 1555 xiv.
1458 1523 1548 1557 huuc
1562 1525 1673 1557 Bran-

965 1573 1066 1606 chum
1101 1573 1207 1605 etiam
1235 1582 1302 1605 non
1327 1573 1434 1606 fuisse
1463 1573 1581 1616 filium,
1610 1576 1672 1608 sed

965 1632 1113 1655 amorem
1125 1622 1152 1655 A
1159 1623 1294 1665 pollinis
1303 1624 1438 1664 scribit,
1446 1630 1674 1669 posterosque

965 1674 1040 1716 ejus
1066 1674 1325 1706 ‘Branchidae'
1348 1681 1504 1717 vocatos,
1533 1677 1671 1710 traditis

966 1725 1076 1756 Xerxi
1092 1724 1193 1766 hujus
1207 1725 1329 1767 templi
1353 1725 1533 1767 thesauris,
1547 1727 1671 1770 ipsum,

967 1775 1108 1807 incenso
1125 1776 1256 1817 templo
1267 1775 1310 1808 ab
1321 1776 1458 1818 eodem,
1470 1777 1672 1811 redeuntem

968 1826 1003 1858 in
1015 1826 1197 1858 Persidem
1212 1830 1349 1859 secutos
1359 1826 1480 1867 fuisse,
1494 1837 1538 1861 ne
1555 1839 1673 1871 poeuas

969 1876 1094 1908 darent
1111 1875 1298 1918 sacrilegii.
1323 1877 1478 1910 Milesios
1489 1888 1572 1911 vero
1579 1885 1676 1922 post-

969 1938 1009 1961 ea
1026 1930 1191 1970 templum
1213 1930 1362 1962 omnium
1386 1932 1569 1964 maximum
1591 1943 1674 1966 con-

971 1979 1150 2020 struxisse,
1179 1984 1407 2023 ornatnmque
1431 1983 1596 2024 templum
1613 1983 1675 2015 do-

970 2031 1075 2062 nariis
1111 2030 1328 2072 antiquarum
1365 2032 1519 2072 gentium
1555 2032 1678 2075 fuisse,

971 2080 1233 2123 ‘Didymaeique
1270 2081 1461 2123 Apollinis'
1501 2088 1674 2117 vocatum.

970 2132 1135 2164 Meminit
1149 2136 1186 2164 et
1207 2132 1359 2164 Branchi
1379 2133 1610 2167 Terentianus
1632 2135 1676 2167 de

970 2182 1112 2215 Mettis:
1128 2182 1138 2200 ‘
1148 2182 1324 2224 Hymuum
1332 2184 1561 2217 Branchiadae
1573 2186 1677 2218 Phoe-

970 2231 1016 2265 bo
1028 2237 1186 2264 cantasse
1195 2232 1346 2274 Jovique
1362 2233 1544 2266 Pastorem
1563 2236 1674 2268 Brau-

970 2284 1083 2324 chum,
1118 2292 1196 2314 cum
1233 2287 1354 2324 captus
1397 2293 1512 2316 amore
1549 2285 1676 2327 pudico

972 2333 1148 2366 Fatidicas
1178 2337 1288 2365 sortes
1318 2333 1438 2367 docuit
1473 2336 1675 2378 depromere

973 2384 1104 2418 Paean:

1015 2438 1081 2468 479
1103 2436 1150 2467 Ee
1174 2436 1300 2468 undose
1326 2436 1382 2478 qui
1405 2438 1544 2472 mrim
1570 2442 1675 2473 mota

972 2487 1062 2520 Piso:
1084 2487 1174 2518 Pana
1191 2486 1361 2528 Lycaonia
1382 2493 1567 2523 noemam
1580 2501 1677 2525 em-

973 2539 1024 2571 dit
1039 2539 1074 2570 in
1089 2538 1217 2580 umbra]
1242 2539 1446 2572 Lactantius
1471 2541 1549 2576 hic:
1578 2545 1677 2578 ‘Pan

973 2589 1066 2631 apud
1091 2589 1191 2621 Pisas
1220 2589 1368 2622 rusticos
1394 2591 1532 2625 numine
1545 2603 1606 2627 suo
1621 2604 1675 2628 re-

975 2641 1071 2682 plere
1087 2640 1187 2679 solet,
1209 2638 1337 2681 datque
1364 2642 1512 2682 oracula,
1538 2645 1595 2686 qui
1623 2655 1677 2678 re-

974 2692 1090 2732 pletur
1112 2690 1211 2722 Deo!
1258 2691 1369 2723 Locus
1402 2692 1457 2724 hic
1483 2694 1678 2739 singularis,

975 2741 1067 2785 quod
1079 2741 1201 2773 rustici
1217 2740 1379 2773 'Arcadiae
1396 2743 1594 2784 repleantur
1608 2747 1677 2779 Pa-

975 2792 1029 2825 nis
1062 2792 1211 2832 numine,
1239 2801 1281 2824 ac
1316 2791 1433 2826 futura
1469 2796 1676 2838 proedicant.

976 2845 1067 2877 Nam
1090 2853 1202 2887 neque
1228 2843 1417 2877 Pausanias
1433 2844 1467 2877 in
1483 2845 1676 2891 Arcadicis,

1799 2542 1820 2564 »ξ

1803 2630 1815 2647 ,0

1810 2659 1820 2679 »¹-
