1820 3068
218 212 307 257 866

217 320 359 364 Addit
379 334 505 376 opes,
522 333 579 362 ne
599 333 698 363 rara
717 333 903 363 movens
923 320 1134 375 inglorius
1153 320 1239 363 iret

217 389 427 444 Agmina,
447 402 537 431 neu
557 393 712 444 raptos
732 390 896 443 patriae
916 389 1100 431 sentiret
1118 389 1326 431 honores.

219 458 350 500 Idem
369 458 562 507 habituS,
582 457 738 499 eadem
757 470 882 499 arma
900 459 1014 509 viro,
1035 471 1135 513 quae
1157 457 1338 500 debitus
1357 458 1523 514 hospes

220 526 424 569 Hiberna
438 526 520 567 sub
539 529 673 567 nocte
693 525 811 567 tulit.
869 526 1167 568 Theumesius
1186 526 1344 581 implet

187 641 189 643 ,
217 594 364 647 Terga
381 594 478 636 leo:
509 593 684 646 gemino
703 592 856 636 lucent
875 594 1060 636 hastilia
1075 593 1192 636 ferro
1207 607 1222 637 ι

218 660 398 715 Aspera
415 660 629 703 vulnifico
649 660 800 702 subter
819 661 938 703 latus
961 674 1070 703 ense
1090 661 1204 716 riget
1223 660 1416 715 Sphinx.

215 727 246 770 J
250 741 322 770 am
341 741 538 783 regnum,
558 728 804 782 matrisque
825 729 964 779 sinuS‚
983 728 1187 783 fidasque
1208 741 1386 780 sorores

219 795 311 851 Spe
330 796 543 851 votisque
563 800 715 838 tenet:
745 800 896 838 tamen
915 800 959 838 et
975 797 1031 838 de
1049 802 1163 839 turre
1189 809 1399 850 suprema

216 863 484 914 Attonitam,
503 867 687 919 totoque
707 868 932 907 extantem
951 877 1136 920 corpore
1156 865 1289 918 longe

219 931 431 986 Respicit
451 930 645 985 Argian:
676 932 773 973 haec
792 936 985 974 mentem
1005 933 1252 987 oculosque
1273 931 1444 975 reducit

219 999 448 1055 Conjugis,
470 1002 514 1041 et
530 999 685 1042 dulces
704 1000 862 1042 avertit
881 1004 1060 1055 pectore
1085 1000 1285 1042 Thebas.

721 225 764 254 P.
797 223 990 255 PAPINII
1024 223 1192 257 STA'ru

1629 526 1690 569 85·

215 1149 248 1177 et
263 1144 358 1186 vires,
377 1155 453 1187 quas
470 1146 610 1186 Troezen,
631 1146 763 1178 celebris
774 1147 897 1178 alumno
915 1146 1042 1187 Theseo,
1066 1148 1189 1189 adjicit,
1211 1159 1250 1180 ne
1271 1158 1367 1188 agens
1389 1159 1504 1190 pauens
1516 1148 1622 1188 copim
1635 1148 1686 1180 ix-

216 1189 347 1220 decorus
357 1189 616 1230 proficisceretur,
629 1193 659 1221 et
674 1200 714 1221 ne
728 1190 991 1222 animadverteret
1003 1191 1123 1223 ablatos
1138 1192 1267 1224 honores
1279 1193 1404 1232 patriae.
1439 1193 1529 1224 Idem
1543 1193 1688 1232 vestitus,

216 1234 250 1262 et
261 1232 368 1263 eadem
382 1242 469 1264 arma
480 1232 552 1263 huic
568 1236 670 1268 erant,
694 1243 763 1273 quoe
783 1233 927 1272 gerebat,
949 1243 1016 1264 cum
1031 1233 1118 1272 fatis
1139 1235 1306 1275 promissus
1327 1235 1455 1267 advenit
1469 1235 1503 1267 in
1516 1235 1686 1276 procellosa

215 1277 326 1305 nocte.-
349 1276 472 1305 exuvioe
496 1275 593 1307 leonis
620 1275 795 1306 Theumesii
819 1275 962 1307 ambiunt
983 1276 1051 1315 ejus
1075 1280 1212 1318 tergum,
1233 1282 1265 1310 et
1287 1278 1406 1319 apicula
1420 1277 1551 1318 fulgent
1565 1275 1685 1318 duplici

207 1316 299 1355 sen-o
311 1327 323 1348 .-
345 1317 416 1348 dira
432 1317 560 1358 Sphinx
582 1318 689 1350 horret
711 1318 819 1349 subter
834 1319 917 1349 latus
930 1317 965 1349 in
977 1319 1086 1358 gladio
1100 1323 1204 1352 acuto.
1247 1321 1324 1352 Jum
1337 1330 1393 1361 spe
1414 1324 1447 1352 et
1460 1321 1543 1352 votis
1565 1319 1685 1360 princi·

211 1362 323 1399 pat-um
348 1363 488 1401 occupat,
511 1364 541 1391 et
561 1364 671 1401 pectus
690 1361 872 1400 genitricis,
892 1364 924 1392 et
948 1361 1080 1393 dilectas
1105 1372 1245 1395 sororeae:
1266 1363 1367 1395 cer-vnit
1381 1367 1486 1395 tamen
1500 1363 1636 1403 Argiam
1650 1362 1685 1394 in

212 1402 297 1434 celsa
312 1404 400 1434 turre
411 1405 654 1443 consternatam,
668 1407 701 1435 et
714 1404 804 1443 longe
818 1403 1045 1445 prominentem
1059 1408 1124 1436 toto
1139 1415 1276 1447 corpore.
1310 1405 1392 1437 Hoec
1405 1408 1528 1438 revocat
1537 1405 1687 1443 animum,

213 1447 246 1476 et
260 1446 362 1477 oeulos
375 1446 496 1487 mariti,
517 1449 548 1478 et
572 1446 702 1488 expellit
721 1447 825 1478 animo
840 1456 931 1478 caras
947 1447 1079 1480 Thebas.
1123 1448 1206 1480 Ecce
1219 1448 1332 1480 ardens
1349 1449 1471 1491 Tydeus
1483 1451 1585 1481 movet
1596 1447 1685 1480 inter

833 1552 1072 1566 mmo

212 1626 298 1659 siau.
323 1633 469 1669 uterque
493 1628 617 1661 Behot.
645 1633 682 1660 et
707 1629 867 1662 Petrens.
889 1639 966 1662 cum
984 1629 1066 1662 edd.
1088 1630 1205 1663 Plant.
1222 1630 1368 1664 Amstel.
1392 1629 1547 1664 GronoV.
1570 1634 1606 1664 et
1630 1639 1684 1663 re-

211 1674 320 1702 centt.
340 1671 441 1703 Troese
456 1671 580 1703 Behot.
599 1674 717 1703 l.—85
744 1672 908 1712 Optimus
932 1673 1045 1705 codex
1070 1674 1222 1705 Barthii:
1246 1674 1285 1705 de
1309 1676 1496 1706 nocta—86
1521 1674 1684 1715 Teu-galea

214 1717 246 1744 et
258 1714 384 1752 gemino
402 1715 492 1746 Dan.
507 1714 591 1746 Pnt.
606 1714 730 1747 Petav.
748 1716 856 1756 Lang.
874 1716 975 1748 Laur.
994 1715 1127 1748 Buslid.
1152 1717 1300 1757 Lipsian.
1315 1721 1353 1749 et
1371 1716 1450 1749 edd.
1467 1721 1554 1748 vett.
1568 1719 1600 1750 et
1615 1726 1685 1749 non

213 1762 405 1796 agnoscunt
433 1757 590 1789 Petrens.
614 1757 758 1790 Behott.
785 1757 930 1790 Amstel.
959 1759 1115 1791 Gronov.
1143 1759 1264 1793 Barth.
1282 1759 1392 1791 Veen.
1415 1765 1452 1791 et
1467 1759 1683 1800 Delph.—-9⁰

190 1834 192 1837 ,
213 1798 294 1831 Put.
315 1798 487 1832 instantem
507 1803 733 1842 corpore—91
758 1800 856 1833 Unus
880 1802 1005 1834 Behot.
1019 1805 1210 1843 mentemque
1224 1803 1479 1844 oculosque—92
1502 1802 1601 1835 Idem
1626 1812 1684 1835 co-

887 1902 1028 1936 NOTAE

211 1967 265 2008 ne]
289 1967 381 2000 Urbs
397 1967 594 2000 Messeniae.
638 1968 770 2000 Theseia
784 1967 925 2009 Troezen]
980 1969 1090 2001 Moris
1107 1968 1196 2001 enim
1211 1973 1287 2001 erat
1301 1968 1392 2010 apud
1408 1973 1557 2010 veteres,
1571 1972 1612 2001 ut
1627 1968 1685 2001 ali·

212 2020 356 2051 Troezen
395 2019 476 2050 urbs
526 2019 677 2060 regionis
715 2017 890 2059 Argolicae
912 2028 921 2050 ε

214 2070 348 2103 Theseia
364 2070 502 2111 dicitur,
519 2070 600 2112 quia
619 2070 653 2102 in
669 2080 712 2102 ea
733 2070 818 2102 urbe
833 2070 922 2102 The-

212 2129 291 2152 neus
307 2125 406 2152 natus
423 2125 460 2153 et
477 2120 642 2153 educatus
659 2120 738 2153 fuit.

253 2174 296 2203 83
330 2172 404 2203 Neu
416 2175 523 2213 raptos
534 2172 663 2213 patriae,
676 2171 747 2214 δρα]
781 2171 823 2203 Id
852 2176 919 2213 est,

211 2231 256 2254 ne
271 2222 417 2254 sentiret
432 2222 573 2254 exilium
590 2232 700 2254 suum.

253 2275 296 2305 84
319 2272 474 2313 Debitus]
497 2272 592 2305 Fatis
610 2272 756 2304 scilicet.

228 2352 230 2354 ,
249 2327 295 2355 85
338 2323 542 2356 Theitmesius
581 2323 689 2364 implet
727 2319 835 2363 Terga'
859 2323 922 2366 leo]

210 2374 319 2407 Theb.
337 2382 365 2406 ι.
388 2374 397 2391 ‘
411 2374 524 2415 Tergo
546 2373 640 2406 videt
661 2373 759 2415 hujus
785 2373 921 2407 inanem

210 2425 364 2466 Impexis
388 2424 559 2466 utrimque
570 2423 667 2466 jubis
689 2424 830 2456 horrere
853 2424 921 2455 leo-

210 2485 303 2516 nem,
333 2475 431 2506 Illius
460 2474 496 2506 in
525 2474 693 2516 speciem,
728 2484 829 2516 quem
858 2484 922 2516 per

210 2525 414 2558 Theumesia
437 2525 569 2566 Tempe
592 2524 921 2566 Amphitryoniades

210 2574 360 2609 fractum
380 2575 594 2617 juvenilibus
615 2575 719 2607 armis
734 2574 828 2607 Ante
845 2575 922 2608 Cle-

210 2626 300 2658 onaei
319 2626 466 2658 vestitur
482 2626 601 2667 praelia
616 2624 786 2657 monstri!

254 2676 296 2708 87
319 2675 461 2716 Sphinx]
485 2675 657 2708 Portabat
674 2675 762 2707 hanc
780 2674 925 2717 Polyni-

211 2736 270 2760 ces
287 2727 330 2759 ad
347 2728 507 2768 capulum
534 2727 639 2764 ensis,
661 2727 695 2758 in
720 2726 920 2759 memoriam

213 2777 306 2811 illius
322 2777 467 2811 monstri
483 2777 589 2810 occisi
603 2777 646 2810 ab
662 2776 791 2819 OEdipo
810 2781 924 2819 patre.

979 2029 1061 2063 quas
1090 2020 1255 2062 majorum
1280 2020 1453 2057 victorias,
1479 2024 1540 2052 aut
1565 2019 1685 2052 trium-

976 2071 1059 2112 phos
1074 2071 1166 2103 ensis
1179 2071 1302 2111 capulo
1317 2069 1534 2111 effingerent.
1576 2070 1684 2102 Sene·

976 2130 1018 2152 ca
1033 2121 1068 2152 in
1085 2121 1278 2162 Hippolyto
1293 2131 1301 2151 ε
1333 2119 1344 2138 ‘
1354 2119 1486 2162 Regale
1502 2119 1616 2162 parvis
1631 2129 1683 2151 aa·

975 2181 1096 2213 perum
1121 2172 1227 2214 signis
1256 2171 1343 2203 ebur
1366 2171 1499 2213 eapulo
1531 2170 1680 2212 refulget

975 2223 1088 2265 gentis
1104 2223 1237 2254 Actaeae
1254 2221 1384 2254 decus!

1016 2277 1059 2306 88
1083 2274 1239 2314 fidasque
1254 2271 1390 2313 sorores]
1418 2272 1505 2304 Duae
1521 2271 1614 2303 enim
1628 2279 1682 2302 so·

975 2334 1068 2356 rores
1084 2329 1183 2357 erant
1198 2324 1370 2364 Polynici,
1385 2322 1560 2365 Antigone
1576 2327 1615 2355 et
1632 2322 1685 2356 1⁸-

975 2385 1088 2416 mene,
1112 2380 1151 2407 ut
1175 2374 1368 2407 videbimus
1391 2372 1627 2415 sequentibus,
1643 2371 1684 2403 li-

974 2426 1059 2459 bris.

1015 2478 1059 2508 9⁰
1085 2476 1220 2517 Totoque
1241 2476 1402 2507 atumem
1425 2482 1552 2514 corpore
1574 2472 1683 2512 longe]

978 2523 1150 2557 Affectnm
1167 2524 1312 2556 amantis
1333 2522 1490 2564 conjugis
1506 2522 1598 2568 *mire
1621 2530 1682 2552 ex-

977 2576 1094 2618 primit
1109 2574 1234 2607 Poeta.

1019 2629 1062 2658 92
1085 2626 1131 2657 Et
1150 2626 1255 2657 dulce·
1276 2623 1394 2656 avertit
1403 2625 1530 2663 pectore
1545 2621 1681 2663 Thebas]

975 2675 1084 2716 Argia
1099 2674 1190 2707 enim
1210 2674 1275 2706 hoc
1296 2673 1372 2706 visu
1393 2676 1501 2705 totum
1517 2670 1562 2703 ad
1577 2680 1614 2704 se
1628 2679 1682 2703 re-

977 2730 1162 2758 vocaverat
1176 2723 1394 2766 Polynicem.
