1820 3068
215 184 329 232 1018
710 199 751 229 Ρ.
789 198 983 229 rammi
1019 198 1184 231 s'rArn

213 294 355 337 Tecta
373 296 587 337 fremunt:
617 295 824 338 volucres
842 296 1038 350 equitum
1060 298 1351 350 praeverterat
1369 297 1465 340 alas

217 363 359 406 Fama
378 377 546 415 recens,
569 364 768 418 geminos
791 363 878 406 alis
900 364 1111 418 amplexa
1131 365 1358 407 tumultus.

213 433 288 474 Illi
310 433 370 474 ad
391 433 618 487 fatarapi,
640 436 772 487 atque
795 433 862 475 illi
877 433 973 488 jam
997 434 1261 475 occumbere
1285 434 1396 485 leto,
1551 464 1569 476 2

214 500 291 542 Sic
313 502 515 542 meritam
540 501 824 556 Hypsipylen
843 502 1030 544 iterant:
1061 501 1348 556 creduntque,
1367 515 1448 544 nec
1464 502 1542 544 irae

215 567 289 610 Fit
309 581 453 611 mora:
477 569 662 623 jamque
681 568 822 620 faces,
845 573 890 611 et
904 570 993 611 tela
1012 571 1248 625 penatibus
1266 569 1443 613 instant.
1595 570 1691 612 695.

212 634 400 677 Vertere
421 649 554 690 regna
573 637 777 688 fremunt,
797 643 1062 693 raptumque
1083 638 1255 681 auferre
1275 638 1539 693 Lycurgum,

213 702 328 745 Cum
344 703 477 755 Jove,
499 718 690 759 cumque
710 707 825 749 aris:
854 711 1061 749 resonant
1076 707 1318 749 ululatibus
1337 706 1461 748 aedes

213 772 479 824 Foemineis,
502 785 749 828 versusque
770 776 894 817 dolor
915 776 995 817 dat
1015 780 1140 830 terga
1159 776 1321 818 timori.

211 839 455 895 Alipedum
476 847 604 884 curru
626 843 702 884 sed
726 844 842 886 enim
864 844 1067 886 sublimis
1088 843 1313 887 Adrastus

212 909 374 951 Secum
396 917 496 952 ante
516 924 595 952 ora
615 912 760 953 virum
779 911 1067 954 fremebunda
1086 911 1339 954 Thoantida
1359 915 1538 967 portans
1594 913 1681 955 700

212 977 259 1020 It
277 978 449 1020 medius
471 981 640 1030 turmis,
660 985 721 1030 et,
743 980 938 1031 Parcite,
958 981 1142 1035 parcite,
1161 980 1341 1023 clamat.

213 1045 294 1088 Nil
315 1051 463 1087 actum
487 1059 632 1089 saeve:
662 1048 844 1090 meritus
864 1061 946 1090 nec
966 1049 1058 1090 tale
1079 1048 1311 1102 Lycurgus

211 1113 471 1164 Excidium,
492 1115 690 1169 gratique
709 1116 934 1158 inventrix
954 1116 1151 1158 fluminis
1171 1129 1290 1160 ecce.

211 1181 288 1224 Sic
308 1183 386 1226 ubi
407 1182 600 1225 diversis
621 1184 760 1226 maria
780 1189 978 1227 evertere
992 1184 1204 1239 procellis

210 1299 293 1330 aedes
310 1302 481 1339 personant
502 1299 564 1331 alio
580 1299 651 1331 belli
666 1299 791 1337 [ποτε.
839 1300 931 1332 Nova
958 1300 1052 1338 fama
1083 1304 1288 1341 precesserat
1311 1301 1425 1333 celeres
1448 1302 1588 1342 equitum
1610 1304 1678 1332 tur-

209 1351 290 1380 mae,
311 1341 424 1382 pennis
443 1343 510 1374 suis
524 1343 678 1383 duplicem
693 1344 860 1375 tumultum
875 1343 910 1375 in
934 1343 1052 1384 duplici
1066 1345 1130 1375 loco
1144 1345 1300 1375 excitans.
1343 1343 1399 1375 Illi
1411 1348 1570 1386 repetunt,
1587 1343 1679 1386 Hyp·

208 1384 339 1426 sipyleia,
354 1385 405 1416 cui
420 1388 545 1417 tantum
557 1386 720 1424 debebant,
743 1387 783 1417 ad
797 1386 985 1428 supplicium
1009 1387 1108 1427 trahi,
1129 1389 1161 1418 et
1183 1386 1247 1427 illi,
1260 1386 1331 1427 jam
1355 1387 1486 1419 occisam
1496 1388 1626 1427 suinae:
1643 1386 1679 1418 'et

199 1426 303 1469 fidem
316 1428 475 1465 adhibent,
490 1438 546 1460 nee
557 1428 669 1461 dilatio
684 1429 821 1471 affertur
826 1429 950 1467 furori.
989 1430 1034 1461 Et
1049 1429 1121 1470 jam
1132 1429 1226 1468 sacen
1239 1433 1272 1462 et
1285 1429 1407 1471 spicula
1419 1430 1488 1462 arci
1502 1429 1678 1462 inmineat.

209 1470 382 1502 Minantur
402 1471 524 1511 regium
538 1472 675 1512 diruere,
689 1482 810 1513 rapere,
824 1475 856 1504 et
869 1473 1029 1504 destruere
1043 1472 1225 1514 Lycurgum
1237 1482 1308 1504 cum
1322 1473 1433 1514 templo
1446 1473 1550 1514 Jom‘s,
1565 1476 1598 1505 et
1610 1481 1680 1504 cum

208 1513 374 1545 altaribus.
420 1515 583 1546 Palatium
605 1515 778 1556 perstrepit
802 1515 949 1547 muliebri
972 1516 1117 1556 clanwre,
1141 1518 1174 1547 et
1194 1519 1334 1548 mutatu-3
1347 1517 1437 1548 dolor
1458 1516 1569 1557 pavori
1581 1514 1677 1548 cedit.

214 1556 331 1589 Verum
345 1556 506 1590 Adrastus
521 1559 618 1589 celsus
633 1559 666 1590 in
682 1568 777 1590 curru
790 1558 944 1591 velocibus
958 1559 1045 1599 equis
1060 1558 1185 1599 juncto,
1199 1568 1303 1590 secum
1316 1558 1542 1601 vehensfiliam
1557 1559 1679 1591 Thoan-

207 1599 251 1631 tis
265 1604 339 1632 ante
351 1600 545 1639 furibundos
559 1601 696 1633 militum
710 1602 826 1641 vultus,
840 1601 952 1641 fertur
965 1611 1022 1642 per
1036 1601 1155 1634 medius
1168 1605 1322 1642 catervas,
1331 1605 1363 1634 et
1376 1602 1588 1641 vociferatur,-
1610 1601 1679 1632 De-

206 1642 323 1686 eistste,
340 1644 495 1676 desistite.
541 1644 639 1676 Nihil
650 1644 779 1683 factum
799 1647 847 1676 est
867 1645 1039 1676 atrociter.-
1060 1654 1115 1676 nee
1129 1642 1298 1686 Lycurgus
1311 1644 1425 1677 meruit
1440 1645 1535 1677 talem
1548 1645 1677 1682 cladem,

207 1688 239 1717 et
253 1696 321 1719 eece
336 1686 405 1727 illa,
420 1696 490 1728 quoe
504 1687 623 1728 reperit
637 1691 778 1729 optatum
789 1686 929 1726 sontem.
944 1695 947 1698 ’
974 1687 1044 1728 Sic,
1058 1697 1128 1719 cum
1141 1688 1214 1721 hine
1228 1688 1343 1730 Aquilo
1358 1691 1390 1720 et
1406 1688 1526 1728 Eurus,
1539 1697 1577 1719 ac
1590 1685 1678 1719 minc

987 1783 1065 1797 000⁴

206 1847 318 1880 codex
334 1847 543 1880 Barthianus
558 1859 566 1880 :
582 1849 646 1880 alto
661 1849 949 1882 certamina—691
966 1850 1091 1882 Behot.
1109 1852 1140 1881 l.
1152 1853 1351 1891 pervenerat,
1365 1859 1385 1880 a
1401 1859 1502 1881 manu
1515 1848 1678 1882 secunda.

207 1894 315 1923 —692
342 1892 442 1923 Fama
455 1901 564 1932 repens
579 1892 711 1924 Bartuii
739 1893 859 1925 codex.
903 1893 994 1925 Vide
1010 1893 1192 1924 Heinsium
1208 1897 1245 1924 et
1262 1893 1381 1925 Burm.
1407 1893 1451 1924 ad
1467 1892 1572 1925 Ovid.
1589 1893 1677 1925 Met.

207 1942 279 1966 xn-
295 1937 352 1967 61.
396 1935 537 1966 Taurin.
556 1944 618 1976 pro
634 1935 694 1967 alie
719 1935 826 1967 habet
850 1935 947 1974 aliis5
970 1936 1158 1967 Burmanni
1185 1944 1268 1967 vero
1285 1935 1417 1968 codex:
1438 1937 1581 1975 geminos
1604 1934 1678 1974 ulie,

205 1977 449 2019 suprascriptis
473 1988 531 2019 que
546 1982 584 2010 et
606 1979 695 2016 suin
721 1978 810 2010 uude
823 1978 1040 2010 Burmannus
1053 1978 1145 2020 conj.
1165 1978 1365 2020 geminosque
1378 1978 1446 2010 euie
1467 1979 1623 2020 αηιριαεα,
1640 1983 1677 2009 ut

205 2020 269 2052 alis
283 2021 328 2052 sit
345 2031 387 2052 ex
403 2020 527 2061 glossa.
550 2022 711 2062 complexa
726 2021 816 2053 Dan.
834 2022 917 2054 Put.
939 2022 1063 2054 Petav.
1080 2021 1188 2062 hang.
1206 2021 1309 2053 Laur.
1322 2021 1456 2053 Buslid.
1469 2021 1623 2063 Lipsian.
1639 2022 1677 2053 et

205 2063 288 2095 edd.
303 2069 390 2095 vett.
412 2060 557 2105 amplexa'
571 2068 719 2106 uterque
743 2064 870 2097 Behot.
889 2064 1030 2097 Amstel.
1046 2065 1200 2096 Gronov.
1219 2063 1340 2096 Barth.
1358 2065 1468 2097 Veen.
1492 2067 1530 2096 et
1552 2063 1678 2105 Delph-

205 2108 316 2138 -699
335 2106 465 2148 Alipedi
489 2117 586 2139 curru
610 2107 741 2140 Jortin.
782 2107 953 2150 Alipedum
979 2117 1073 2140 cursu
1095 2107 1377 2149 Guyetus.—⁷ol
1401 2107 1549 2141 Quidam
1574 2105 1677 2139 codd.

206 2148 330 2183 Barth.
355 2150 587 2182 maiia—⁷02
609 2150 699 2183 Edd.
729 2155 816 2183 vett.
842 2155 879 2183 et
902 2150 1028 2183 Behot.
1059 2154 1090 2183 l.
1120 2149 1252 2183 nter-itus
1274 2150 1322 2182 nit
1348 2151 1532 2183 tale-703
1555 2149 1675 2182 Codex

871 2247 904 2279 N
910 2245 1014 2279 01¹AE

249 2313 315 2343 692
339 2310 491 2343 Geminos
511 2310 680 2352 tumultus]
716 2310 760 2343 Id
783 2314 850 2352 est,
880 2316 918 2343 et
971 2310 1063 2353 regis
1103 2310 1360 2352 advolaverunt,
1399 2315 1532 2352 raptam
1568 2308 1677 2343 fuisse

206 2361 266 2394 ubi
282 2366 362 2394 erat
376 2361 563 2402 Adrastus,
589 2362 765 2404 ceterique
795 2362 916 2404 duces,
972 2362 1015 2394 ad
1031 2362 1250 2404 supplicium,
1266 2362 1484 2404 occisumque
1500 2361 1677 2404 Hypsipya

205 2421 247 2444 ac
270 2412 466 2453 Lycurgus,
491 2416 529 2443 et
554 2411 610 2443 ubi
637 2416 737 2444 erant
763 2413 916 2454 equitnm
970 2412 1038 2444 len.

206 2463 354 2505 primum
380 2471 518 2504 agmen,
535 2462 626 2505 quod
652 2463 756 2504 longe
779 2472 915 2505 proces·
1014 2466 1078 2496 697
1104 2463 1184 2494 Cum
1197 2462 1295 2504 Jove]
1317 2461 1464 2503 Templo
1479 2461 1588 2495 Jovis.

205 2518 312 2546 serat.
1013 2517 1079 2546 698
1106 2513 1279 2555 meque
1303 2514 1392 2545 dolor
1413 2515 1470 2545 dat
1483 2517 1574 2553 ter-gu
1587 2512 1676 2544 tirno-

247 2567 313 2596 693
338 2563 409 2604 Illi]
432 2563 577 2606 Equites
592 2563 741 2603 scilieet,
756 2563 813 2605 qui
828 2573 915 2604 prae-
936 2568 937 2573 ’
969 2564 1017 2606 ri]
1038 2564 1155 2606 Major
1183 2563 1327 2597 affectus
1356 2562 1487 2595 'timoris
1511 2563 1675 2594 minorem

206 2608 400 2647 cesserant:
424 2613 629 2646 nesciebant
654 2615 745 2646 enim
774 2614 857 2656 quid
880 2625 916 2647 a·
970 2615 1106 2658 expulit
1121 2613 1294 2654 affectum,
1309 2613 1474 2646 dolorem.

206 2670 348 2707 geretur
365 2675 405 2696 eo
433 2665 507 2697 loeo
533 2673 601 2707 quo
626 2669 728 2697 erant
742 2663 915 2698 Adrastus
1013 2669 1078 2699 700
1103 2665 1299 2707 Thantia]
1337 2663 1555 2706 Hypsipylen
1587 2662 1675 2695 Tho·

205 2716 387 2757 ceterique
414 2715 545 2756 duces3
584 2715 839 2758 credebantque
872 2724 917 2749 ex
970 2716 1194 2751 antistium.
1472 2722 1475 2723 ’

204 2768 335 2809 impetu
365 2765 583 2808 rusticorum,
608 2766 667 2809 qui
683 2765 728 2798 ad
750 2766 915 2800 auxilium
