1820 3068
234 224 322 266 974
734 236 773 266 P.
810 236 1001 267 nemu
1035 236 1205 270 s'rA'rn
1793 243 1820 270 -v

233 329 476 384 Tangeret:
506 329 547 372 is
568 329 742 373 demum
765 332 922 374 sceleri
942 331 1121 375 modus:
1154 345 1231 375 ora
1251 334 1433 388 supinat
1614 336 1701 383 215

233 398 429 440 Blandus
449 398 609 449 adhuc,
631 399 864 454 oculisque
885 404 1076 442 tremens
1107 406 1152 443 et
1177 414 1398 444 murmure
1419 400 1611 456 Gorgem

234 464 427 517 Quaerit,
450 470 495 508 et
514 466 694 520 indigno
709 480 796 509 non
816 468 952 510 solvit
971 468 1154 510 brachia
1173 469 1306 511 collo.

234 532 341 575 Non
358 547 439 586 ego
459 547 573 575 nunc
592 534 730 587 vulgi,
752 548 1010 590 quanquam
1030 535 1239 587 crudelia,
1259 536 1458 591 pandam

233 600 422 652 Funera,
444 602 522 643 sed
542 603 727 656 propria
745 603 890 646 luctus
909 602 966 645 de
987 603 1121 657 stirpe
1135 604 1359 648 recordor.
1687 658 1691 660 q

233 667 373 720 Quod
393 672 451 719 te,
470 668 587 712 flave
608 669 781 726 Cydon,
802 670 922 725 quod
939 674 982 712 te
1003 684 1084 724 per
1102 672 1218 715 colla
1232 673 1392 718 refusis
1614 673 1701 716 220

235 735 474 788 Intactum,
497 737 694 790 Crenaee,
713 739 870 790 comis,
890 739 1071 793 (quibus
1090 740 1229 782 ubera
1250 754 1424 785 mecum

235 804 567 859 obliquumque
582 818 609 847 a
629 811 755 860 patre
774 805 951 861 genus‚)
970 806 1230 862 fortemque,
1252 809 1463 852 timebam

236 871 382 923 Quem
403 873 638 927 desponsa,
656 873 806 928 Gyan,
826 874 919 916 vidi
935 874 1110 929 lapsare
1126 879 1318 918 cruentae

234 940 430 983 Vulnere
453 940 774 996 Mirmydonis:
805 942 1017 997 quodque
1037 943 1146 986 inter
1165 947 1284 987 serta
1303 942 1551 998 chorosque

233 1072 303 1114 ipsa
315 1072 473 1109 aeieferm'
485 1083 577 1105 suum
586 1076 695 1114 pectus
708 1076 864 1115 tangeret.
911 1074 983 1106 Hoc
997 1075 1118 1107 demum
1133 1076 1220 1108 modo
1234 1075 1351 1108 crimen
1362 1078 1524 1117 peractum
1537 1079 1597 1109 est.
1631 1075 1700 1110 Re·

232 1116 359 1156 supinat
374 1116 492 1148 vultum
506 1116 605 1148 adhue
622 1116 764 1157 blandus,
790 1120 822 1149 et
844 1117 1023 1149 errantibus
1047 1118 1142 1149 oculis
1163 1128 1200 1150 ac
1221 1128 1347 1150 susurro
1372 1120 1487 1161 quaerit
1505 1119 1648 1160 Gorgen,
1667 1120 1698 1152 et

233 1168 294 1190 non
306 1158 399 1190 solvit
415 1160 545 1190 lacertos
558 1159 597 1190 ab
614 1159 774 1191 immerita
795 1161 924 1193 cervice.
969 1161 1041 1192 Non
1056 1171 1113 1200 ego
1136 1171 1218 1192 nune
1240 1161 1374 1193 narrabo
1396 1164 1496 1194 caedes
1513 1162 1614 1203 vulgi,
1640 1162 1702 1194 etei

234 1201 298 1232 sint
312 1205 443 1240 atroces,
463 1203 518 1233 sed
532 1202 703 1234 memorabo
721 1202 841 1241 funera
863 1213 940 1235 meoe
956 1203 1105 1242 familioe.
1150 1204 1276 1244 Dicam,
1289 1206 1370 1246 quod
1384 1208 1428 1245 te,
1444 1215 1461 1236 o
1472 1205 1560 1246 flave
1578 1205 1700 1247 Cydon,

232 1248 264 1275 et
280 1247 321 1284 te,
338 1245 479 1285 Crenoee,
491 1244 580 1284 enjus
593 1247 695 1278 crines
708 1245 825 1278 intonsi
839 1245 873 1278 in
887 1247 1034 1278 cervicem
1047 1247 1277 1287 spargebantur
1295 1247 1419 1290 (quibus
1433 1249 1547 1279 eedem
1560 1257 1702 1280 mamma

233 1291 322 1319 erant
338 1297 457 1320 mecum
470 1293 502 1321 et
515 1290 620 1321 eadem
636 1289 725 1330 origo
739 1299 759 1320 a
771 1292 875 1331 patre,
884 1290 938 1321 sed
951 1300 1012 1322 non
1027 1289 1199 1331 legitima‚)
1213 1293 1244 1322 et
1259 1292 1407 1323 audacem
1423 1291 1531 1333 Gyan,
1555 1291 1605 1322 eui
1629 1300 1702 1332 pro-

234 1330 328 1362 missa
342 1331 473 1370 sueram
494 1332 529 1365 iu
554 1332 799 1370 matrimonium,
820 1336 852 1365 et
874 1342 964 1374 quem
978 1333 1162 1375 metuebam,
1185 1333 1254 1367 vidi
1275 1335 1386 1367 eadere
1405 1335 1504 1377 plaga
1517 1333 1701 1375 sangiunea

849 1426 889 1439 OO

235 1501 322 1534 sian.
340 1504 376 1533 et
390 1501 644 1533 Venett.—216
667 1501 775 1542 Lang.
791 1501 893 1535 Laur.
915 1500 1048 1533 Buslid.
1075 1499 1228 1542 Lipsian.
1245 1504 1282 1533 et
1297 1501 1443 1533 Venett.
1461 1510 1520 1543 per
1532 1504 1702 1534 murmura.

235 1547 342 1577 -217
369 1545 475 1585 Lang.
503 1545 603 1576 Laur.
630 1543 783 1586 Lipsian.
808 1543 914 1577 Aldd.
943 1544 1054 1576 Colin.
1081 1544 1216 1585 Gryph.
1242 1543 1349 1576 Basil.
1370 1544 1488 1577 Plant.
1504 1549 1540 1575 et
1555 1543 1700 1577 Gevart.

235 1588 327 1620 soluit
348 1597 404 1619 sua
420 1587 568 1625 brachia;
590 1588 684 1620 Dan.
701 1587 782 1619 Put.
799 1587 924 1619 Petav.
949 1586 1084 1618 Buslid.
1101 1592 1247 1628 uterque
1269 1587 1395 1618 Behot.
1411 1587 1561 1628 optimus
1577 1587 1700 1619 Bar-ih.

236 1630 385 1663 Amstel.
401 1630 553 1662 Gronov.
582 1630 702 1662 Barth.
723 1630 833 1661 veen.
848 1636 884 1662 et
900 1630 1030 1670 Delph.
1051 1639 1113 1661 uon
1140 1630 1235 1661 solvit
1257 1629 1405 1667 brachia,·
1426 1629 1462 1660 in
1489 1629 1555 1661 alio
1580 1629 1701 1661 codiee

235 1673 390 1705 Barthii:
415 1674 454 1704 ab
478 1672 611 1712 indigno
639 1683 700 1704 non
720 1674 839 1705 solvens
862 1673 1107 1704 &achim—220
1133 1672 1220 1708 Quid
1243 1675 1287 1711 le,
1302 1671 1390 1713 flave
1419 1670 1552 1714 Cydon?
1574 1672 1649 1713 quid
1669 1676 1702 1705 te

235 1717 344 1757 Lang.
365 1717 463 1749 Laur.
490 1715 624 1748 Buslid.
648 1716 801 1757 Lipsian.
827 1715 916 1747 Dan.
933 1716 1014 1747 Put.
1029 1715 1154 1746 Petav.
1179 1715 1319 1747 Venett.
1345 1715 1443 1747 Rom.
1467 1714 1571 1746 Aldd.
1587 1714 1700 1747 Colin.

236 1759 372 1800 Gryph.
387 1759 493 1791 Basil.
509 1760 624 1791 Plant.
639 1758 870 1799 Lindenbrog.
888 1759 990 1790 Cruc.
1007 1758 1152 1790 Gevart.
1168 1757 1330 1795 Grasser.
1346 1762 1383 1789 et
1397 1755 1542 1790 Amstel.
1559 1757 1645 1794 Quia
1659 1761 1703 1799 te,

189 1834 191 1837 ,
227 1802 317 1844 flave
335 1803 457 1844 Cydon,
473 1803 520 1833 vel
534 1801 609 1843 quid
619 1811 677 1843 per
698 1801 777 1833 colla
799 1802 940 1842 optimae
962 1801 1095 1833 Barthii
1120 1800 1350 1840 membrauae3
1362 1799 1455 1843 flava
1473 1800 1568 1842 Gyan
1590 1799 1701 1832 codex

235 1845 407 1877 Lactantii
421 1856 430 1884 3
454 1848 490 1876 et
504 1844 553 1876 sic
568 1844 626 1876 ille
643 1844 727 1885 legit
744 1845 778 1875 in
792 1844 983 1876 Comment.
1018 1843 1138 1876 Lectio
1154 1847 1273 1874 nostra
1287 1846 1342 1874 est
1363 1852 1384 1874 a
1399 1842 1586 1882 Gronovio,
1599 1852 1702 1885 quem

235 1888 347 1920 secuti
369 1893 451 1919 sunt
479 1889 606 1919 Duum.
632 1887 740 1919 Veen.
767 1892 803 1918 et
831 1886 1063 1927 Delph.-—221
1089 1887 1245 1918 Intactam
1276 1884 1509 1926 Lindenbrog.
1535 1891 1573 1917 et
1598 1886 1701 1920 Cruc-

238 1931 355 1963 Crenee
371 1930 533 1963 Behot.l.
559 1930 677 1961 Cronee
692 1929 815 1961 Behot.
829 1932 972 1962 2.-224
994 1929 1190 1971 Mirmyouee
1202 1928 1351 1970 optimus
1362 1927 1581 1960 Barthianus.
1593 1938 1702 1969 quam·

236 1984 328 2015 quam
354 1974 438 2006 inter
461 1983 549 2005 unus
574 1973 700 2005 Behot.
724 1982 853 2014 quaa-que
877 1973 960 2004 inter
986 1981 1072 2003 unus
1098 1971 1255 2010 Barthii;
1278 1971 1367 2003 unde
1386 1971 1445 2003 ille
1459 1980 1604 2013 quemque
1619 1970 1705 2002 inter

235 2017 419 2058 legendnm
445 2021 558 2059 putat.
583 2015 653 2048 Pro
674 2015 840 2057 chorosque
861 2015 971 2056 Laug.
1000 2015 1105 2048 Laur.
1127 2013 1259 2046 Buslid.
1283 2013 1437 2056 Lipsian.
1451 2013 1534 2046 Put.
1558 2017 1702 2056 uterque

899 2106 1046 2146 NQ'rAE

237 2191 302 2233 ret]
322 2192 420 2224 Tunc
435 2191 526 2223 euim
542 2190 680 2232 putavit
700 2199 736 2222 se
752 2188 943 2223 interemis-
995 2188 1105 2230 Bene,
1121 2192 1160 2220 ut
1176 2191 1274 2221 notat
1289 2185 1500 2226 Gronovius,
1522 2188 1558 2217 et
1572 2183 1626 2216 bis
1639 2193 1703 2226 pro

237 2253 287 2285 se,
311 2243 341 2275 si
368 2242 500 2275 tamdiu
525 2240 747 2282 transfigeret
774 2239 943 2271 dormien-
995 2239 1086 2280 quid,
1103 2238 1194 2280 quod
1218 2237 1347 2270 habent
1368 2236 1500 2278 priores
1523 2234 1703 2275 editiones,

239 2299 324 2334 tem,
338 2293 449 2325 donee
459 2292 620 2325 adactum
638 2291 767 2323 ferrum
783 2290 855 2332 ipsa
868 2299 944 2322 sen·
997 2291 1087 2331 lege,
1106 2290 1216 2326 Quod.-
1232 2293 1269 2320 et
1288 2286 1442 2320 tollenda
1453 2285 1679 2327 interrogatio
1691 2295 1702 2317 ε

242 2345 338 2377 tiret.
959 2342 965 2348 ⁴
997 2345 1051 2373 est
1079 2340 1169 2372 euim
1191 2339 1336 2381 simplex
1363 2336 1540 2370 narratio:
1564 2340 1602 2369 et
1622 2344 1705 2368 con-

281 2397 348 2428 216
372 2394 518 2427 {Pr-emens
538 2392 586 2435 et]
624 2389 710 2424 Aliis
733 2395 871 2424 tremens
888 2400 944 2432 per
992 2389 1230 2433 jungendum:
1257 2388 1350 2426 Quod
1380 2386 1460 2420 viai.
1494 2386 1555 2419 Sic
1585 2393 1701 2418 omnen

238 2457 410 2480 murmura.
467 2448 606 2488 Gorgem
633 2444 764 2487 quaem't]
799 2444 840 2476 Id
877 2448 943 2484 est,
998 2440 1130 2481 scripti.

239 2508 364 2530 nomen
380 2497 538 2540 proferre
551 2497 685 2539 nititur,
697 2497 750 2528 vel
763 2505 848 2528 voce
861 2504 943 2527 aux-
1040 2492 1106 2522 222
1147 2488 1373 2530 obliquumque
1406 2496 1428 2519 a
1443 2488 1552 2528 ,patre
1582 2485 1700 2526 genu]

238 2548 335 2580 ilium
352 2548 424 2590 ejus
441 2548 597 2590 requirit.
1002 2541 1092 2575 Quia
1108 2549 1152 2572 ex
1178 2539 1303 2581 pellice
1331 2538 1416 2571 nati.
1449 2537 1500 2570 Ut
1524 2537 1703 2569 Lucanae

282 2601 347 2632 217
371 2598 508 2638 Indigno
537 2608 600 2630 non
620 2596 730 2639 solvit]
757 2595 827 2629 Alii
850 2594 959 2636 codi·¹
999 2593 1009 2609 ‘
1026 2590 1178 2633 obliquo
1202 2589 1352 2622 maculat
1374 2587 1431 2630 qui
1445 2585 1608 2629 sanguine
1624 2593 1702 2625 reg-

241 2659 299 2681 ces
313 2658 322 2681 t
346 2649 476 2690 indigno
491 2649 585 2681 solvit
601 2658 657 2680 sua
672 2647 800 2680 brachia
813 2646 901 2678 collo.
998 2641 1104 2675 num!
1620 2683 1629 2692 ⁶
1692 2677 1694 2679 Ι

284 2699 438 2741 Indigno]
475 2700 554 2732 Non
580 2699 681 2740 collo,
707 2697 769 2730 sed
794 2695 945 2738 indignae
1041 2695 1107 2725 224
1133 2689 1298 2732 Quodque]
1321 2687 1458 2721 Mavult
1479 2685 1701 2718 Gronovms:

241 2749 369 2782 uxoris.
999 2753 1159 2785 quemque.
1205 2737 1430 2780 ehorosjAlii
1455 2735 1606 2778 codices,
1630 2734 1719 2778 chef,

283 2803 348 2833 220
374 2800 464 2836 Quod
500 2803 542 2837 te,
565 2800 654 2841 flave
690 2797 815 2840 Cydon]
840 2793 947 2833 Quod.
999 2803 1061 2825 roe.
1792 2731 1820 2851 ἓ
