1820 3068
580 224 868 257 ‘rnssnAmos
901 224 948 255 m
959 226 999 256 B.
1032 226 1077 256 v.
1469 216 1555 258 951

115 347 118 349 Α
136 322 294 356 mulieres
315 322 376 354 hos
398 320 552 353 incautos
577 321 723 362 vinoque
752 330 794 352 ac
815 329 935 352 somno
963 323 1124 361 gravatos
1146 328 1224 352 cum
1240 318 1395 351 omnibus
1407 319 1558 352 maribus

138 375 314 409 occidunt.
357 374 551 415 Hypsipyle
567 374 639 405 baec
662 373 781 404 videns
805 372 848 404 ad
863 372 1057 417 cubiculum
1074 373 1183 414 patris
1202 372 1369 404 Thoantis
1382 373 1504 412 currit,
1519 383 1556 405 re

139 428 293 461 breviter
314 431 452 460 narrata
467 436 544 458 enm
561 435 704 468 surgere
719 425 825 466 cogit,
849 423 1060 467 ‹lucu-mque
1085 425 1128 457 ad
1154 426 1256 457 littus
1275 426 1379 457 maris
1400 435 1441 458 ac
1463 426 1557 458 navi-

137 482 223 514 enlae
238 482 434 523 impositum
445 479 636 511 numinibus
650 479 752 511 maris
768 477 999 510 commendat.
1042 478 1089 510 Et
1101 483 1138 510 ut
1150 477 1254 511 fidem
1264 477 1448 512 faceretne
1459 479 1557 511 illum

107 539 110 543 '
136 535 318 575 occidisse,
343 524 520 576 ingentem
543 542 678 575 pyram,
704 533 802 574 quasi
830 530 1016 564 cremando
1043 531 1117 573 ejus
1139 532 1292 573 corpori,
1318 533 1434 565 struit.
1478 533 1558 564 Hac

134 593 211 621 arte
225 586 417 621 conciliatis
432 586 654 620 Lemniadum
670 585 805 625 animis,
816 585 938 627 regina
954 585 1196 627 proclamatur.
1242 584 1369 627 Aliquo
1380 590 1459 627 post
1471 590 1558 618 tem-

136 651 232 684 pore,
249 642 470 684 Argonantae,
493 640 583 673 duce
596 641 736 680 Jamne,
751 639 895 672 Colchos
918 638 961 670 ad
978 639 1085 671 vellus
1101 649 1243 671 aureum
1257 639 1294 670 in
1317 639 1489 672 Graeciam
1504 649 1558 672 re-

135 695 342 738 portandum
358 693 621 734 contendentes,
640 693 1077 735 gravissimnempestnte,
1099 693 1180 725 dum
1193 693 1357 724 Lemnum
1372 697 1558 734 praeterua-

133 749 264 790 rigant,
293 748 526 789 excipiuntur.
570 747 657 790 Ejus
683 747 835 780 vitandae
863 748 976 788 gratia
1002 751 1139 789 portum
1172 747 1291 780 Lemni
1321 752 1470 790 petunt;
1494 748 1557 780 sed

135 802 340 835 umal-de·
355 802 523 834 'sbracnm
548 800 805 843 aggressionem
831 811 907 832 esse
934 806 1034 841 ratae,
1056 811 1115 833 eos
1138 801 1216 833 telis
1231 810 1272 834 ae
1287 801 1424 843 sagittis
1439 802 1557 844 repel-

131 856 221 888 lunt.
261 855 392 888 Jasoue
416 859 543 894 autem,
568 855 670 886 olivae
697 863 792 886 ramo
816 859 968 893 ostenso,
988 863 1110 895 pacem
1134 859 1316 896 poscente,
1339 854 1554 896 Argonautae.

134 917 200 940 non
222 909 329 940 solum
353 907 387 939 in
411 907 545 947 urbem,
569 907 627 939 sed
645 909 681 940 in
696 908 806 940 lectos
820 907 1055 947 Lemniadum,
1072 909 1338 949 procurantibus
1354 918 1395 941 ac
1412 908 1554 941 coucili-

134 961 270 995 antibus
284 952 423 995 Junone
447 967 484 993 et
499 961 651 1000 Venere,
674 960 914 994 admittuntur.
957 962 1015 993 Sic
1033 960 1227 1004 Hypsipyle
1241 962 1361 995 Jasoni
1382 961 1495 1002 nubit,
1510 971 1555 994 ex

134 1025 204 1058 qno
214 1014 368 1056 geminos
382 1015 571 1046 'montem
586 1019 622 1045 et
637 1015 781 1046 Euneon
797 1014 952 1055 suscipit.
994 1013 1167 1046 Profectis
1183 1015 1322 1047 tandem
1335 1014 1558 1057 Argonautis,

133 1067 292 1110 famaque
307 1067 475 1099 Lemnum
491 1067 637 1113 perlata,
652 1076 765 1108 regem
779 1066 970 1098 Thoantem
986 1066 1120 1107 vivere,
1133 1077 1173 1100 ac
1191 1067 1277 1100 chio
1291 1077 1449 1108 regnare,
1457 1068 1556 1100 Lem-

134 1120 255 1153 niades
282 1121 446 1153 adversus
472 1119 691 1161 Hypsipylen
718 1117 882 1160 fremunt,
904 1130 1049 1162 eamque
1075 1121 1179 1152 morti
1203 1120 1409 1162 deposcunt.
1454 1121 1558 1162 Haec,

134 1172 217 1215 fuga
231 1175 319 1206 clam
334 1178 489 1215 arrepta,
502 1173 599 1205 littus
613 1173 716 1214 petit,
739 1177 779 1205 ut
799 1173 886 1204 mari
900 1182 938 1204 se
952 1173 1197 1206 committeret.
1242 1174 1373 1206 Piratae
1398 1174 1481 1206 illuc
1498 1184 1559 1216 ap·

134 1227 227 1268 pulsi
251 1236 326 1259 eam
348 1227 395 1258 ibi
418 1231 590 1268 repertam
606 1226 757 1268 rapiunt,
770 1230 976 1268 vectamque
991 1226 1026 1258 in
1048 1226 1223 1259 Gmciam
1237 1227 1399 1269 Lycurgo
1413 1227 1556 1259 Nemeoe

134 1281 253 1321 regulo
267 1280 433 1319 venduut,
445 1280 506 1322 qui
516 1289 590 1311 eam
607 1279 791 1311 nutriendo
807 1279 877 1311 filio
893 1279 1055 1321 Opheltae
1073 1289 1135 1312 seu
1147 1279 1359 1312 Archemoro
1371 1281 1557 1321 praeponit.

134 1332 228 1365 Dum
257 1333 333 1366 hac
356 1332 493 1373 Argivis
515 1337 634 1365 narrat
653 1331 866 1374 Hypsipyle,
885 1341 1029 1374 serpens
1050 1331 1299 1365 Archemorum
1325 1331 1492 1365 infantem
1521 1333 1557 1364 in

131 1386 284 1426 gramine
298 1385 494 1428 depositum
506 1392 660 1418 extrema
673 1385 786 1418 cauda
800 1384 884 1418 ferit
905 1390 944 1418 et
966 1386 1110 1419 occidit.
1152 1385 1336 1418 Morientis
1353 1385 1488 1426 vagitus
1511 1385 1556 1418 ad

132 1449 231 1471 aum
246 1440 457 1481 Hypsipyles
472 1439 693 1481 perveniunt.
736 1439 856 1471 Currit
881 1439 1084 1472 citatissimo
1110 1439 1231 1481 gradu,
1252 1440 1432 1482 cernitque
1447 1439 1557 1471 infan-

135 1497 207 1524 tem
228 1495 412 1533 mortuum,
436 1496 693 1533 ‹et-serpentem
712 1491 816 1533 juxta
833 1492 1025 1533 jacentem.
1070 1492 1272 1525 Horrendus
1297 1493 1449 1525 ululatus
1470 1492 1555 1526 edit.

66 1569 70 1572 .
133 1544 306 1576 Advolant
322 1544 453 1585 Argivi.
496 1543 742 1586 Hippomedon
755 1544 874 1586 ingens
891 1555 1010 1577 saxum
1025 1546 1059 1577 in
1074 1551 1274 1588 serpentem
1290 1546 1435 1588 projicit
1456 1546 1555 1578 irrito

133 1598 206 1630 ictu
219 1608 230 1629 ε
246 1602 282 1629 at
298 1598 480 1639 Capaneus
489 1598 542 1630 illi
551 1603 658 1640 eaput
668 1598 766 1630 hasta
778 1598 964 1640 transfigit.
984 1599 1152 1641 Serpens,
1166 1600 1285 1632 avulsa
1293 1601 1406 1640 hasta,
1419 1600 1454 1631 iu
1469 1604 1556 1632 tem·

130 1651 228 1692 plum
236 1650 337 1684 Jovis
348 1651 480 1683 Inachii
491 1650 593 1693 fugit,
603 1656 640 1683 et
650 1651 700 1683 ibi
713 1651 869 1683 moritur.
895 1652 1042 1684 Interim
1057 1654 1251 1694 Lycurgus,
1262 1653 1381 1684 audita
1392 1651 1456 1684 filii
1466 1661 1555 1684 mor-

132 1709 181 1745 te,
196 1705 358 1744 accurrit,
371 1709 411 1736 ut
427 1704 645 1747 Hypsipylen
659 1705 837 1744 occideret
850 1715 861 1745 ς
877 1705 939 1737 sed
954 1715 975 1737 a
988 1706 1122 1747 Tydeo,
1137 1706 1403 1748 Parthenopaeo,
1418 1705 1555 1748 Hippo-

131 1757 307 1798 medonte,
321 1767 363 1790 ac
377 1758 540 1799 Capaneo
555 1759 748 1791 retinetur:
771 1758 1044 1802 cocuntibusque
1057 1760 1091 1791 in
1108 1760 1274 1792 ultionem
1285 1759 1450 1802 principis
1461 1760 1554 1792 iuco-

132 1812 187 1852 lis,
194 1815 294 1843 atrox
304 1821 420 1853 pugna
427 1812 608 1844 commissa
615 1811 823 1850 fuisset,nisi
832 1812 1059 1854 Amphiaraus
1069 1813 1182 1845 omnia
1192 1812 1378 1855 prudentia
1386 1822 1448 1845 sna
1459 1813 1554 1855 paci-

130 1863 283 1897 ficasset.
304 1864 386 1896 Alia
400 1873 444 1897 ex
459 1869 572 1905 parte,
587 1865 719 1906 equites
734 1864 869 1906 Argivi,
885 1866 942 1907 qni
955 1866 1213 1907 praecedebant,
1223 1875 1344 1908 sparso
1357 1875 1494 1898 rumore
1509 1866 1554 1898 ad

130 1916 337 1960 supplicium
356 1918 432 1959 rapi
455 1918 691 1960 Hypsipylen,
706 1919 878 1960 parabant
894 1929 931 1950 se
946 1919 989 1951 ad
1004 1919 1098 1952 faces
1115 1920 1319 1961 injiciendus
1334 1919 1469 1952 arcibus
1485 1919 1554 1961 Ly-

130 1971 243 2012 curgi,
263 1975 301 2004 et
315 1971 430 2003 omnia
445 1970 582 2003 diruere
606 1971 867 2012 minitabantur,
882 1971 947 2003 nisi
970 1971 1139 2005 Adrastus
1163 1977 1338 2014 arreptam
1359 1973 1394 2004 in
1412 1982 1551 2005 currum

132 2023 365 2066 Hypsipylen,
378 2034 441 2065 per
457 2025 588 2057 medias
604 2029 745 2062 turmas,
759 2026 851 2057 illam
866 2026 996 2058 salvam
1010 2031 1047 2059 et
1061 2027 1265 2058 incolumem
1281 2025 1476 2058 furentibus
1497 2036 1552 2058 os-

131 2081 312 2110 tentasset.
333 2079 446 2110 Thoas
461 2083 576 2110 autem
591 2083 628 2111 et
644 2079 781 2110 Euneos
797 2078 857 2110 filii
873 2079 1102 2120 Hypsipyles,
1117 2080 1174 2121 qui
1190 2080 1225 2111 iu
1241 2079 1413 2111 Graeciam
1429 2080 1551 2111 matris

99 2161 108 2165 -
130 2131 371 2174 perquirendae
386 2141 490 2163 causa
508 2132 699 2163 transvecti
723 2131 875 2172 fueraut,
888 2137 924 2164 et
939 2142 959 2164 a
973 2133 1135 2173 Lycurgo
1149 2132 1300 2174 hospitio
1316 2132 1461 2174 recepti,
1476 2132 1551 2175 qui·

130 2193 197 2226 qne
207 2193 287 2216 eum
301 2183 439 2215 fuerant
451 2184 577 2223 secuti,
587 2193 662 2216 cum
677 2184 833 2225 primum,
856 2184 974 2216 audito
987 2185 1049 2217 filii
1061 2195 1157 2225 casu,
1173 2195 1216 2217 ex
1226 2185 1360 2217 aedibus
1370 2190 1550 2227 eruperat,

129 2237 320 2274 Utnunina
332 2236 454 2269 Iaemni
466 2241 505 2269 et
518 2237 685 2269 Thoantis
700 2237 857 2279 audiunt,
866 2238 1006 2271 irruunt
1021 2248 1084 2280 per
1098 2239 1230 2271 medias
1241 2243 1413 2280 catervas,
1423 2248 1464 2271 ac
1477 2248 1549 2271 ma-

131 2295 222 2322 trem
237 2295 410 2331 repertam
423 2291 692 2331 amplectuntur.
726 2291 793 2323 Illa
807 2292 914 2324 lim-et
932 2292 1127 2330 immobilis,
1141 2297 1178 2324 et
1193 2293 1333 2324 tandem
1347 2293 1496 2335 cognitis
1510 2292 1549 2325 fi-

129 2342 198 2383 liis,
209 2350 282 2374 ωε
291 2342 456 2384 'lacrymae
470 2343 504 2374 iu
519 2343 604 2375 alias
616 2353 790 2376 conversae
805 2349 899 2377 sunt.
922 2345 1016 2376 Dum
1031 2346 1104 2377 haec
1126 2353 1243 2377 omnes
1258 2345 1438 2387 mirantur,
1455 2356 1548 2388 eym-

126 2392 263 2428 abnuet
279 2399 442 2436 tympana
454 2395 490 2427 iu
505 2395 584 2428 aere
600 2396 719 2429 andita
734 2402 826 2430 sunt.
870 2399 970 2431 Tunc
986 2398 1212 2440 Amphiaraus
1228 2399 1397 2441 Apollinis
1414 2399 1547 2432 monitu

131 2449 287 2482 declarat
298 2457 415 2480 omnes
426 2449 488 2481 tuos
501 2458 601 2481 casus
612 2451 755 2483 consilio
766 2452 915 2483 Deorum
927 2452 1112 2494 contigisse
1127 2465 1135 2483 ε
1150 2458 1187 2484 et
1202 2454 1332 2485 solatus
1346 2452 1548 2486 Archemori

132 2501 404 2544 parentes,dicit
419 2501 512 2533 illum
528 2501 648 2534 defleri
664 2512 730 2535 nou
743 2503 886 2543 debere,
900 2505 958 2546 qui
974 2505 1069 2537 Deus
1081 2506 1255 2542 esset‚sed
1272 2506 1389 2547 potius
1404 2506 1547 2538 honores

130 2555 265 2587 divinos
278 2555 311 2586 ei
323 2553 543 2594 deferendos,
554 2556 729 2598 vitamque
744 2552 836 2590 illins
851 2563 922 2590 tam
939 2558 1079 2590 brevem
1098 2559 1255 2591 Nestoris
1270 2563 1307 2591 et
1322 2559 1460 2593 Tithoni
1476 2560 1547 2591 lon-

107 2625 112 2628 ·
131 2617 184 2650 ‘oe
198 2607 370 2640 senectuti
381 2616 459 2639 esse
470 2607 735 2650 praeferendam.
