<?xml version="1.0" encoding="UTF-8"?>
<!DOCTYPE html PUBLIC "-//W3C//DTD XHTML 1.0 Transitional//EN"
    "http://www.w3.org/TR/xhtml1/DTD/xhtml1-transitional.dtd">
<html xmlns="http://www.w3.org/1999/xhtml" xml:lang="en" lang="en">
 <head>
  <title>
</title>
<meta http-equiv="Content-Type" content="text/html;charset=utf-8" />
  <meta name='ocr-system' content='tesseract 3.04.00' />
  <meta name='ocr-capabilities' content='ocr_page ocr_carea ocr_par ocr_line ocrx_word'/>
</head>
<body>
  <div class='ocr_page' id='page_1' title='image "./operaomniaexedit02statuoft_0026.png"; bbox 0 0 1820 3068; ppageno 0'>
   <div class='ocr_carea' id='block_1_1' title="bbox 206 173 303 217">
    <p class='ocr_par' dir='ltr' id='par_1_1' title="bbox 206 173 303 217">
     <span class='ocr_line' id='line_1_1' title="bbox 206 173 303 217; baseline 0 0"><span class='ocrx_word' id='word_1_1' title='bbox 206 173 303 217; x_wconf 79' lang='lat'>610</span> 
     </span>
    </p>
   </div>
   <div class='ocr_carea' id='block_1_2' title="bbox 717 181 1188 216">
    <p class='ocr_par' dir='ltr' id='par_1_2' title="bbox 717 181 1188 216">
     <span class='ocr_line' id='line_1_2' title="bbox 717 181 1188 216; baseline 0.002 -3"><span class='ocrx_word' id='word_1_2' title='bbox 717 183 758 214; x_wconf 73' lang='lat' dir='ltr'>P.</span> <span class='ocrx_word' id='word_1_3' title='bbox 789 181 984 214; x_wconf 77' lang='lat' dir='ltr'>PAPINn</span> <span class='ocrx_word' id='word_1_4' title='bbox 1017 182 1188 216; x_wconf 75' lang='lat' dir='ltr'>STATn</span> 
     </span>
    </p>
   </div>
   <div class='ocr_carea' id='block_1_3' title="bbox 217 276 1680 674">
    <p class='ocr_par' dir='ltr' id='par_1_3' title="bbox 218 276 1680 401">
     <span class='ocr_line' id='line_1_3' title="bbox 218 276 1680 335; baseline -0.001 -12"><span class='ocrx_word' id='word_1_5' title='bbox 218 281 412 335; x_wconf 84' lang='lat' dir='ltr'>Ignavus</span> <span class='ocrx_word' id='word_1_6' title='bbox 431 278 637 334; x_wconf 65' lang='lat' dir='ltr'>genitor?</span> <span class='ocrx_word' id='word_1_7' title='bbox 670 280 718 319; x_wconf 87' lang='lat' dir='ltr'>tu</span> <span class='ocrx_word' id='word_1_8' title='bbox 737 277 894 319; x_wconf 82' lang='lat' dir='ltr'>saltem</span> <span class='ocrx_word' id='word_1_9' title='bbox 912 277 1066 319; x_wconf 88' lang='lat' dir='ltr'>debita</span> <span class='ocrx_word' id='word_1_10' title='bbox 1085 276 1255 321; x_wconf 82' lang='lat' dir='ltr'>vindex</span> <span class='ocrx_word' id='word_1_11' title='bbox 1622 279 1680 321; x_wconf 84' lang='lat'>80</span> 
     </span>
     <span class='ocr_line' id='line_1_4' title="bbox 218 345 1334 401; baseline -0.003 -10"><span class='ocrx_word' id='word_1_12' title='bbox 218 349 327 392; x_wconf 91' lang='lat' dir='ltr'>Huc</span> <span class='ocrx_word' id='word_1_13' title='bbox 347 348 472 399; x_wconf 86' lang='lat' dir='ltr'>ades,</span> <span class='ocrx_word' id='word_1_14' title='bbox 493 352 537 390; x_wconf 90' lang='lat' dir='ltr'>et</span> <span class='ocrx_word' id='word_1_15' title='bbox 556 351 675 389; x_wconf 87' lang='lat' dir='ltr'>totos</span> <span class='ocrx_word' id='word_1_16' title='bbox 694 346 741 388; x_wconf 91' lang='lat' dir='ltr'>in</span> <span class='ocrx_word' id='word_1_17' title='bbox 761 358 943 400; x_wconf 86' lang='lat' dir='ltr'>poenam</span> <span class='ocrx_word' id='word_1_18' title='bbox 964 345 1106 388; x_wconf 84' lang='lat' dir='ltr'>ordire</span> <span class='ocrx_word' id='word_1_19' title='bbox 1126 349 1334 401; x_wconf 83' lang='lat' dir='ltr'><strong>nepotes.</strong></span> 
     </span>
    </p>

    <p class='ocr_par' dir='ltr' id='par_1_4' title="bbox 217 413 1399 471">
     <span class='ocr_line' id='line_1_5' title="bbox 217 413 1399 471; baseline -0.003 -13"><span class='ocrx_word' id='word_1_20' title='bbox 217 416 361 458; x_wconf 89' lang='lat' dir='ltr'>Indue</span> <span class='ocrx_word' id='word_1_21' title='bbox 381 416 498 471; x_wconf 88' lang='lat' dir='ltr'>quod</span> <span class='ocrx_word' id='word_1_22' title='bbox 519 413 748 457; x_wconf 87' lang='lat' dir='ltr'>madidum</span> <span class='ocrx_word' id='word_1_23' title='bbox 769 415 878 456; x_wconf 86' lang='lat' dir='ltr'>tabo</span> <span class='ocrx_word' id='word_1_24' title='bbox 900 413 1105 456; x_wconf 88' lang='lat' dir='ltr'>diadema</span> <span class='ocrx_word' id='word_1_25' title='bbox 1124 415 1317 456; x_wconf 87' lang='lat' dir='ltr'>cruentis</span> <span class='ocrx_word' id='word_1_26' title='bbox 1353 417 1357 420; x_wconf 85' lang='grc'><strong><em>’</em></strong></span> <span class='ocrx_word' id='word_1_27' title='bbox 1396 424 1399 426; x_wconf 89' lang='grc'><em>·</em></span> 
     </span>
    </p>

    <p class='ocr_par' dir='ltr' id='par_1_5' title="bbox 218 483 1363 539">
     <span class='ocr_line' id='line_1_6' title="bbox 218 483 1363 539; baseline -0.003 -12"><span class='ocrx_word' id='word_1_28' title='bbox 218 485 454 539; x_wconf 89' lang='lat' dir='ltr'>Unguibus</span> <span class='ocrx_word' id='word_1_29' title='bbox 475 484 658 538; x_wconf 85' lang='lat' dir='ltr'>arripui,</span> <span class='ocrx_word' id='word_1_30' title='bbox 677 483 886 538; x_wconf 84' lang='lat' dir='ltr'>votisque</span> <span class='ocrx_word' id='word_1_31' title='bbox 905 483 1116 525; x_wconf 86' lang='lat' dir='ltr'>instincta</span> <span class='ocrx_word' id='word_1_32' title='bbox 1133 484 1329 537; x_wconf 77' lang='lat' dir='ltr'>paternis</span> <span class='ocrx_word' id='word_1_33' title='bbox 1358 492 1363 497; x_wconf 79' lang='grc'><em>·</em></span> 
     </span>
    </p>

    <p class='ocr_par' dir='ltr' id='par_1_6' title="bbox 218 550 1274 605">
     <span class='ocr_line' id='line_1_7' title="bbox 218 550 1274 605; baseline -0.004 -10"><span class='ocrx_word' id='word_1_34' title='bbox 218 554 244 596; x_wconf 96' lang='grc' dir='ltr'>Ι</span> <span class='ocrx_word' id='word_1_35' title='bbox 266 553 411 594; x_wconf 86' lang='lat' dir='ltr'>media</span> <span class='ocrx_word' id='word_1_36' title='bbox 428 552 476 593; x_wconf 89' lang='lat' dir='ltr'>in</span> <span class='ocrx_word' id='word_1_37' title='bbox 495 552 650 594; x_wconf 85' lang='lat' dir='ltr'>fratres</span> <span class='ocrx_word' id='word_1_38' title='bbox 668 565 679 604; x_wconf 86' lang='lat'>3</span> <span class='ocrx_word' id='word_1_39' title='bbox 720 551 892 605; x_wconf 88' lang='lat' dir='ltr'>generis</span> <span class='ocrx_word' id='word_1_40' title='bbox 913 551 1140 592; x_wconf 87' lang='lat' dir='ltr'>consortia</span> <span class='ocrx_word' id='word_1_41' title='bbox 1159 550 1274 592; x_wconf 82' lang='lat' dir='ltr'>serto</span> 
     </span>
    </p>

    <p class='ocr_par' dir='ltr' id='par_1_7' title="bbox 219 618 1680 674">
     <span class='ocr_line' id='line_1_8' title="bbox 219 618 1680 674; baseline -0.003 -11"><span class='ocrx_word' id='word_1_42' title='bbox 219 621 479 664; x_wconf 85' lang='lat' dir='ltr'>Dissiliant:</span> <span class='ocrx_word' id='word_1_43' title='bbox 511 620 571 662; x_wconf 86' lang='lat' dir='ltr'>da</span> <span class='ocrx_word' id='word_1_44' title='bbox 590 619 790 662; x_wconf 85' lang='lat' dir='ltr'>Tartarei</span> <span class='ocrx_word' id='word_1_45' title='bbox 811 619 962 674; x_wconf 80' lang='lat' dir='ltr'>regina</span> <span class='ocrx_word' id='word_1_46' title='bbox 979 618 1172 661; x_wconf 80' lang='lat' dir='ltr'>barathri</span> <span class='ocrx_word' id='word_1_47' title='bbox 1468 649 1469 653; x_wconf 19' lang='grc' dir='ltr'>η</span> <span class='ocrx_word' id='word_1_48' title='bbox 1621 620 1680 665; x_wconf 85' lang='grc'>85</span> 
     </span>
    </p>
   </div>
   <div class='ocr_carea' id='block_1_4' title="bbox 216 765 1681 937">
    <p class='ocr_par' dir='ltr' id='par_1_8' title="bbox 216 765 1681 937">
     <span class='ocr_line' id='line_1_9' title="bbox 216 765 1680 808; baseline -0.002 -11"><span class='ocrx_word' id='word_1_49' title='bbox 216 765 318 797; x_wconf 78' lang='lat' dir='ltr'>cernit</span> <span class='ocrx_word' id='word_1_50' title='bbox 333 766 395 797; x_wconf 77' lang='lat' dir='ltr'>ista</span> <span class='ocrx_word' id='word_1_51' title='bbox 405 769 419 798; x_wconf 78' lang='lat'>.⁹</span> <span class='ocrx_word' id='word_1_52' title='bbox 442 766 491 798; x_wconf 80' lang='lat' dir='ltr'>Tu</span> <span class='ocrx_word' id='word_1_53' title='bbox 510 766 632 804; x_wconf 79' lang='lat' dir='ltr'>saltem,</span> <span class='ocrx_word' id='word_1_54' title='bbox 653 775 723 807; x_wconf 70' lang='lat' dir='ltr'>que</span> <span class='ocrx_word' id='word_1_55' title='bbox 744 775 794 798; x_wconf 76' lang='lat' dir='ltr'>nse</span> <span class='ocrx_word' id='word_1_56' title='bbox 807 766 916 798; x_wconf 77' lang='lat' dir='ltr'>ulcisci</span> <span class='ocrx_word' id='word_1_57' title='bbox 931 766 1033 808; x_wconf 80' lang='lat' dir='ltr'>debes,</span> <span class='ocrx_word' id='word_1_58' title='bbox 1054 766 1114 798; x_wconf 71' lang='lat' dir='ltr'>huc</span> <span class='ocrx_word' id='word_1_59' title='bbox 1127 767 1223 805; x_wconf 74' lang='lat' dir='ltr'>adsis,</span> <span class='ocrx_word' id='word_1_60' title='bbox 1243 769 1276 798; x_wconf 82' lang='lat' dir='ltr'>et</span> <span class='ocrx_word' id='word_1_61' title='bbox 1288 765 1415 808; x_wconf 80' lang='lat' dir='ltr'>dispone</span> <span class='ocrx_word' id='word_1_62' title='bbox 1427 772 1531 797; x_wconf 83' lang='lat' dir='ltr'>omnes</span> <span class='ocrx_word' id='word_1_63' title='bbox 1542 766 1680 806; x_wconf 75' lang='lat' dir='ltr'>posteros</span> 
     </span>
     <span class='ocr_line' id='line_1_10' title="bbox 216 806 1679 851; baseline -0.001 -12"><span class='ocrx_word' id='word_1_64' title='bbox 216 808 251 840; x_wconf 82' lang='lat' dir='ltr'>in</span> <span class='ocrx_word' id='word_1_65' title='bbox 266 809 430 850; x_wconf 71' lang='lat' dir='ltr'>supplicia.</span> <span class='ocrx_word' id='word_1_66' title='bbox 477 808 572 840; x_wconf 83' lang='lat' dir='ltr'>Sume</span> <span class='ocrx_word' id='word_1_67' title='bbox 587 818 731 840; x_wconf 84' lang='lat' dir='ltr'>coronam</span> <span class='ocrx_word' id='word_1_68' title='bbox 743 819 914 851; x_wconf 77' lang='lat' dir='ltr'>respersam</span> <span class='ocrx_word' id='word_1_69' title='bbox 927 810 1027 846; x_wconf 78' lang='lat' dir='ltr'>sanie,</span> <span class='ocrx_word' id='word_1_70' title='bbox 1049 820 1141 851; x_wconf 74' lang='lat' dir='ltr'>quam</span> <span class='ocrx_word' id='word_1_71' title='bbox 1153 809 1255 841; x_wconf 76' lang='lat' dir='ltr'>avulsi</span> <span class='ocrx_word' id='word_1_72' title='bbox 1267 808 1514 848; x_wconf 67' lang='lat' dir='ltr'>sanguinolentis</span> <span class='ocrx_word' id='word_1_73' title='bbox 1527 806 1679 842; x_wconf 68' lang='lat' dir='ltr'>manibm,</span> 
     </span>
     <span class='ocr_line' id='line_1_11' title="bbox 217 849 1680 893; baseline -0.001 -11"><span class='ocrx_word' id='word_1_74' title='bbox 217 855 250 883; x_wconf 85' lang='lat' dir='ltr'>et</span> <span class='ocrx_word' id='word_1_75' title='bbox 268 852 411 893; x_wconf 74' lang='lat' dir='ltr'>paternis</span> <span class='ocrx_word' id='word_1_76' title='bbox 435 851 706 893; x_wconf 76' lang='lat' dir='ltr'>imprecationibus</span> <span class='ocrx_word' id='word_1_77' title='bbox 726 853 943 892; x_wconf 77' lang='lat' dir='ltr'>exstimulata,</span> <span class='ocrx_word' id='word_1_78' title='bbox 963 852 1048 892; x_wconf 73' lang='lat' dir='ltr'>infer</span> <span class='ocrx_word' id='word_1_79' title='bbox 1071 856 1102 885; x_wconf 79' lang='lat' dir='ltr'>te</span> <span class='ocrx_word' id='word_1_80' title='bbox 1126 853 1259 884; x_wconf 76' lang='lat' dir='ltr'>mediam</span> <span class='ocrx_word' id='word_1_81' title='bbox 1284 852 1369 884; x_wconf 73' lang='lat' dir='ltr'>inter</span> <span class='ocrx_word' id='word_1_82' title='bbox 1389 852 1515 892; x_wconf 79' lang='lat' dir='ltr'>fratres</span> <span class='ocrx_word' id='word_1_83' title='bbox 1522 862 1535 889; x_wconf 91' lang='lat'>‚·</span> <span class='ocrx_word' id='word_1_84' title='bbox 1557 849 1680 882; x_wconf 77' lang='lat' dir='ltr'>vincula</span> 
     </span>
     <span class='ocr_line' id='line_1_12' title="bbox 216 892 1681 937; baseline -0.001 -11"><span class='ocrx_word' id='word_1_85' title='bbox 216 895 383 935; x_wconf 67' lang='lat' dir='ltr'>sanguinis</span> <span class='ocrx_word' id='word_1_86' title='bbox 396 895 505 936; x_wconf 78' lang='lat' dir='ltr'>gladio</span> <span class='ocrx_word' id='word_1_87' title='bbox 517 896 722 927; x_wconf 75' lang='lat' dir='ltr'>dividantur.-</span> <span class='ocrx_word' id='word_1_88' title='bbox 745 906 763 927; x_wconf 88' lang='grc' dir='ltr'><strong><em>ο</em></strong></span> <span class='ocrx_word' id='word_1_89' title='bbox 778 896 902 928; x_wconf 78' lang='lat' dir='ltr'>domina</span> <span class='ocrx_word' id='word_1_90' title='bbox 914 896 1047 936; x_wconf 74' lang='lat' dir='ltr'>insemoe</span> <span class='ocrx_word' id='word_1_91' title='bbox 1065 895 1238 937; x_wconf 72' lang='lat' dir='ltr'>voraginis,</span> <span class='ocrx_word' id='word_1_92' title='bbox 1257 896 1388 928; x_wconf 77' lang='lat' dir='ltr'>concede</span> <span class='ocrx_word' id='word_1_93' title='bbox 1397 894 1578 937; x_wconf 75' lang='lat' dir='ltr'>flagitium,</span> <span class='ocrx_word' id='word_1_94' title='bbox 1600 892 1681 937; x_wconf 71' lang='lat' dir='ltr'>quod</span> 
     </span>
    </p>
   </div>
   <div class='ocr_carea' id='block_1_5' title="bbox 832 1000 951 1012">
    <p class='ocr_par' dir='ltr' id='par_1_9' title="bbox 832 1000 951 1012">
     <span class='ocr_line' id='line_1_13' title="bbox 832 1000 951 1012; baseline 0 0"><span class='ocrx_word' id='word_1_95' title='bbox 832 1000 951 1012; x_wconf 62' lang='lat' dir='ltr'>OM</span> 
     </span>
    </p>
   </div>
   <div class='ocr_carea' id='block_1_6' title="bbox 954 1000 1070 1012">
    <p class='ocr_par' dir='ltr' id='par_1_10' title="bbox 954 1000 1070 1012">
     <span class='ocr_line' id='line_1_14' title="bbox 954 1000 1070 1012; baseline 0 0"><span class='ocrx_word' id='word_1_96' title='bbox 954 1000 1070 1012; x_wconf 60' lang='lat' dir='ltr'>‘meo</span> 
     </span>
    </p>
   </div>
   <div class='ocr_carea' id='block_1_7' title="bbox 217 1075 1681 1291">
    <p class='ocr_par' dir='ltr' id='par_1_11' title="bbox 217 1075 1681 1291">
     <span class='ocr_line' id='line_1_15' title="bbox 219 1075 1681 1118; baseline -0.001 -9"><span class='ocrx_word' id='word_1_97' title='bbox 219 1086 263 1109; x_wconf 88' lang='lat'>11.</span> <span class='ocrx_word' id='word_1_98' title='bbox 280 1079 355 1110; x_wconf 88' lang='grc'><strong>108.</strong></span> <span class='ocrx_word' id='word_1_99' title='bbox 393 1075 520 1109; x_wconf 85' lang='lat' dir='ltr'>Achiu.</span> <span class='ocrx_word' id='word_1_100' title='bbox 538 1086 579 1108; x_wconf 78' lang='grc' dir='ltr'>ιι.</span> <span class='ocrx_word' id='word_1_101' title='bbox 595 1079 671 1109; x_wconf 83' lang='grc'><strong>360.</strong></span> <span class='ocrx_word' id='word_1_102' title='bbox 695 1080 731 1108; x_wconf 86' lang='lat' dir='ltr'>et</span> <span class='ocrx_word' id='word_1_103' title='bbox 758 1076 951 1109; x_wconf 89' lang='lat' dir='ltr'>Comment.</span> <span class='ocrx_word' id='word_1_104' title='bbox 978 1077 1020 1109; x_wconf 85' lang='lat' dir='ltr'>ad</span> <span class='ocrx_word' id='word_1_105' title='bbox 1049 1076 1188 1110; x_wconf 84' lang='lat' dir='ltr'>Phaedr.</span> <span class='ocrx_word' id='word_1_106' title='bbox 1205 1086 1231 1110; x_wconf 86' lang='lat'>1.</span> <span class='ocrx_word' id='word_1_107' title='bbox 1251 1080 1372 1110; x_wconf 78' lang='grc'><strong>2.-83</strong></span> <span class='ocrx_word' id='word_1_108' title='bbox 1398 1076 1560 1118; x_wconf 74' lang='lat' dir='ltr'>Unguibus</span> <span class='ocrx_word' id='word_1_109' title='bbox 1573 1075 1681 1118; x_wconf 63' lang='grc' dir='ltr'><strong><em>«περὶ</em></strong></span> 
     </span>
     <span class='ocr_line' id='line_1_16' title="bbox 217 1119 1679 1162; baseline -0.001 -10"><span class='ocrx_word' id='word_1_110' title='bbox 217 1130 307 1152; x_wconf 87' lang='lat' dir='ltr'>unus</span> <span class='ocrx_word' id='word_1_111' title='bbox 334 1119 446 1152; x_wconf 86' lang='lat' dir='ltr'>codex</span> <span class='ocrx_word' id='word_1_112' title='bbox 470 1120 620 1160; x_wconf 87' lang='lat' dir='ltr'>Barthii,</span> <span class='ocrx_word' id='word_1_113' title='bbox 641 1119 730 1162; x_wconf 89' lang='lat' dir='ltr'>quod</span> <span class='ocrx_word' id='word_1_114' title='bbox 746 1119 803 1152; x_wconf 90' lang='lat' dir='ltr'>ille</span> <span class='ocrx_word' id='word_1_115' title='bbox 820 1122 967 1162; x_wconf 80' lang='lat' dir='ltr'>probat3</span> <span class='ocrx_word' id='word_1_116' title='bbox 989 1121 1101 1162; x_wconf 79' lang='lat' dir='ltr'>abrupi</span> <span class='ocrx_word' id='word_1_117' title='bbox 1121 1130 1239 1152; x_wconf 89' lang='lat' dir='ltr'>omnes</span> <span class='ocrx_word' id='word_1_118' title='bbox 1263 1120 1366 1153; x_wconf 85' lang='lat' dir='ltr'>codd.</span> <span class='ocrx_word' id='word_1_119' title='bbox 1389 1120 1576 1158; x_wconf 84' lang='lat' dir='ltr'>Bernartii‚</span> <span class='ocrx_word' id='word_1_120' title='bbox 1594 1128 1679 1150; x_wconf 82' lang='lat' dir='ltr'>unns</span> 
     </span>
     <span class='ocr_line' id='line_1_17' title="bbox 218 1162 1680 1206; baseline -0.001 -11"><span class='ocrx_word' id='word_1_121' title='bbox 218 1163 423 1203; x_wconf 77' lang='lat' dir='ltr'>Burmanni,</span> <span class='ocrx_word' id='word_1_122' title='bbox 446 1173 524 1195; x_wconf 90' lang='lat' dir='ltr'>cum</span> <span class='ocrx_word' id='word_1_123' title='bbox 551 1163 692 1195; x_wconf 84' lang='lat' dir='ltr'>Venett.</span> <span class='ocrx_word' id='word_1_124' title='bbox 720 1167 757 1195; x_wconf 90' lang='lat' dir='ltr'>et</span> <span class='ocrx_word' id='word_1_125' title='bbox 780 1163 862 1196; x_wconf 88' lang='lat' dir='ltr'>edd.</span> <span class='ocrx_word' id='word_1_126' title='bbox 889 1169 975 1196; x_wconf 83' lang='lat' dir='ltr'>vett.</span> <span class='ocrx_word' id='word_1_127' title='bbox 1002 1163 1271 1206; x_wconf 81' lang='lat' dir='ltr'>Lindenbrogii3</span> <span class='ocrx_word' id='word_1_128' title='bbox 1293 1163 1414 1205; x_wconf 75' lang='lat' dir='ltr'>arripui</span> <span class='ocrx_word' id='word_1_129' title='bbox 1427 1163 1553 1195; x_wconf 85' lang='lat' dir='ltr'>Behot.</span> <span class='ocrx_word' id='word_1_130' title='bbox 1569 1162 1680 1194; x_wconf 83' lang='lat' dir='ltr'>codex</span> 
     </span>
     <span class='ocr_line' id='line_1_18' title="bbox 218 1205 1679 1248; baseline -0.001 -10"><span class='ocrx_word' id='word_1_131' title='bbox 218 1206 408 1238; x_wconf 74' lang='lat' dir='ltr'>Burmanni</span> <span class='ocrx_word' id='word_1_132' title='bbox 429 1217 448 1238; x_wconf 87' lang='lat' dir='ltr'>a</span> <span class='ocrx_word' id='word_1_133' title='bbox 473 1216 576 1239; x_wconf 87' lang='lat' dir='ltr'>manu</span> <span class='ocrx_word' id='word_1_134' title='bbox 598 1216 667 1238; x_wconf 87' lang='lat' dir='ltr'>sec.</span> <span class='ocrx_word' id='word_1_135' title='bbox 689 1205 796 1239; x_wconf 78' lang='lat' dir='ltr'>Aldd.</span> <span class='ocrx_word' id='word_1_136' title='bbox 820 1206 932 1240; x_wconf 87' lang='lat' dir='ltr'>Colin.</span> <span class='ocrx_word' id='word_1_137' title='bbox 949 1207 1083 1248; x_wconf 86' lang='lat' dir='ltr'>Gryph.</span> <span class='ocrx_word' id='word_1_138' title='bbox 1100 1207 1206 1240; x_wconf 83' lang='lat' dir='ltr'>Basil.</span> <span class='ocrx_word' id='word_1_139' title='bbox 1220 1207 1336 1240; x_wconf 83' lang='lat' dir='ltr'>Plant.</span> <span class='ocrx_word' id='word_1_140' title='bbox 1350 1209 1416 1239; x_wconf 70' lang='grc' dir='ltr'>ὅτε.</span> <span class='ocrx_word' id='word_1_141' title='bbox 1449 1206 1603 1238; x_wconf 77' lang='lat' dir='ltr'>instincta</span> <span class='ocrx_word' id='word_1_142' title='bbox 1622 1214 1679 1246; x_wconf 75' lang='lat' dir='ltr'>pa-</span> 
     </span>
     <span class='ocr_line' id='line_1_19' title="bbox 217 1248 1678 1291; baseline -0.001 -10"><span class='ocrx_word' id='word_1_143' title='bbox 217 1250 319 1281; x_wconf 78' lang='lat' dir='ltr'>rentis</span> <span class='ocrx_word' id='word_1_144' title='bbox 342 1259 461 1291; x_wconf 84' lang='lat' dir='ltr'>margo</span> <span class='ocrx_word' id='word_1_145' title='bbox 486 1249 543 1282; x_wconf 93' lang='lat' dir='ltr'>ed.</span> <span class='ocrx_word' id='word_1_146' title='bbox 560 1250 680 1281; x_wconf 81' lang='lat' dir='ltr'>Barth.</span> <span class='ocrx_word' id='word_1_147' title='bbox 697 1259 742 1282; x_wconf 86' lang='lat' dir='ltr'>ex</span> <span class='ocrx_word' id='word_1_148' title='bbox 755 1250 962 1282; x_wconf 87' lang='lat' dir='ltr'>membranis</span> <span class='ocrx_word' id='word_1_149' title='bbox 978 1250 1364 1291; x_wconf 55' lang='lat' dir='ltr'>prestantissima—85</span> <span class='ocrx_word' id='word_1_150' title='bbox 1387 1249 1539 1291; x_wconf 76' lang='lat' dir='ltr'>Lipsian.</span> <span class='ocrx_word' id='word_1_151' title='bbox 1551 1248 1678 1283; x_wconf 79' lang='lat' dir='ltr'>habet:</span> 
     </span>
    </p>
   </div>
   <div class='ocr_carea' id='block_1_8' title="bbox 219 1292 422 1331">
    <p class='ocr_par' dir='ltr' id='par_1_12' title="bbox 219 1292 422 1331">
     <span class='ocr_line' id='line_1_20' title="bbox 219 1292 422 1331; baseline 0.005 -7"><span class='ocrx_word' id='word_1_152' title='bbox 219 1292 398 1325; x_wconf 77' lang='lat' dir='ltr'>Dissiciant</span> <span class='ocrx_word' id='word_1_153' title='bbox 409 1304 422 1331; x_wconf 81' lang='lat'>,-</span> 
     </span>
    </p>
   </div>
   <div class='ocr_carea' id='block_1_9' title="bbox 445 1292 1107 1335">
    <p class='ocr_par' dir='ltr' id='par_1_13' title="bbox 445 1292 1107 1335">
     <span class='ocr_line' id='line_1_21' title="bbox 445 1292 1107 1335; baseline 0.002 -11"><span class='ocrx_word' id='word_1_154' title='bbox 445 1292 536 1335; x_wconf 89' lang='lat' dir='ltr'>quod</span> <span class='ocrx_word' id='word_1_155' title='bbox 550 1303 593 1325; x_wconf 87' lang='lat' dir='ltr'>ex</span> <span class='ocrx_word' id='word_1_156' title='bbox 610 1293 739 1324; x_wconf 81' lang='lat' dir='ltr'>Plauto</span> <span class='ocrx_word' id='word_1_157' title='bbox 755 1292 878 1335; x_wconf 86' lang='lat' dir='ltr'>probat</span> <span class='ocrx_word' id='word_1_158' title='bbox 895 1293 1107 1326; x_wconf 76' lang='lat' dir='ltr'>Bernartius.</span> 
     </span>
    </p>
   </div>
   <div class='ocr_carea' id='block_1_10' title="bbox 1151 1290 1678 1325">
    <p class='ocr_par' dir='ltr' id='par_1_14' title="bbox 1151 1290 1678 1325">
     <span class='ocr_line' id='line_1_22' title="bbox 1151 1290 1678 1325; baseline -0.006 0"><span class='ocrx_word' id='word_1_159' title='bbox 1151 1293 1353 1325; x_wconf 77' lang='lat' dir='ltr'>Dissentiant</span> <span class='ocrx_word' id='word_1_160' title='bbox 1377 1293 1411 1324; x_wconf 90' lang='lat' dir='ltr'>in</span> <span class='ocrx_word' id='word_1_161' title='bbox 1436 1292 1553 1324; x_wconf 84' lang='lat' dir='ltr'>multis</span> <span class='ocrx_word' id='word_1_162' title='bbox 1575 1290 1678 1323; x_wconf 86' lang='lat' dir='ltr'>codd.</span> 
     </span>
    </p>
   </div>
   <div class='ocr_carea' id='block_1_11' title="bbox 218 1334 1678 1376">
    <p class='ocr_par' dir='ltr' id='par_1_15' title="bbox 218 1334 1678 1376">
     <span class='ocr_line' id='line_1_23' title="bbox 218 1334 1678 1376; baseline -0.001 -8"><span class='ocrx_word' id='word_1_163' title='bbox 218 1339 310 1368; x_wconf 84' lang='lat' dir='ltr'>teste</span> <span class='ocrx_word' id='word_1_164' title='bbox 326 1335 507 1368; x_wconf 80' lang='lat' dir='ltr'>Lactantio</span> <span class='ocrx_word' id='word_1_165' title='bbox 524 1337 558 1368; x_wconf 87' lang='lat' dir='ltr'>in</span> <span class='ocrx_word' id='word_1_166' title='bbox 573 1336 764 1369; x_wconf 77' lang='lat' dir='ltr'>Comment-</span> <span class='ocrx_word' id='word_1_167' title='bbox 806 1336 984 1368; x_wconf 66' lang='lat' dir='ltr'>Dissiliunt</span> <span class='ocrx_word' id='word_1_168' title='bbox 1009 1337 1169 1369; x_wconf 84' lang='lat' dir='ltr'>Petrens.</span> <span class='ocrx_word' id='word_1_169' title='bbox 1194 1336 1326 1370; x_wconf 84' lang='lat' dir='ltr'>anlid.</span> <span class='ocrx_word' id='word_1_170' title='bbox 1352 1335 1479 1369; x_wconf 85' lang='lat' dir='ltr'>Behot.</span> <span class='ocrx_word' id='word_1_171' title='bbox 1506 1334 1575 1376; x_wconf 84' lang='lat' dir='ltr'>alii,</span> <span class='ocrx_word' id='word_1_172' title='bbox 1600 1343 1678 1367; x_wconf 86' lang='lat' dir='ltr'>cum</span> 
     </span>
    </p>
   </div>
   <div class='ocr_carea' id='block_1_12' title="bbox 881 1438 1025 1471">
    <p class='ocr_par' dir='ltr' id='par_1_16' title="bbox 881 1438 1025 1471">
     <span class='ocr_line' id='line_1_24' title="bbox 881 1438 1025 1471; baseline 0.007 -1"><span class='ocrx_word' id='word_1_173' title='bbox 881 1438 1025 1471; x_wconf 82' lang='lat' dir='ltr'>NOTAE</span> 
     </span>
    </p>
   </div>
   <div class='ocr_carea' id='block_1_13' title="bbox 198 1512 924 2766">
    <p class='ocr_par' dir='ltr' id='par_1_17' title="bbox 217 1512 507 1555">
     <span class='ocr_line' id='line_1_25' title="bbox 217 1512 507 1555; baseline 0 -9"><span class='ocrx_word' id='word_1_174' title='bbox 217 1512 311 1546; x_wconf 83' lang='lat' dir='ltr'>ferre</span> <span class='ocrx_word' id='word_1_175' title='bbox 328 1517 472 1555; x_wconf 76' lang='lat' dir='ltr'>possunt</span> <span class='ocrx_word' id='word_1_176' title='bbox 482 1513 507 1545; x_wconf 87' lang='lat'>?’</span> 
     </span>
    </p>

    <p class='ocr_par' dir='ltr' id='par_1_18' title="bbox 216 1563 923 1749">
     <span class='ocr_line' id='line_1_26' title="bbox 260 1563 922 1606; baseline -0.002 -9"><span class='ocrx_word' id='word_1_177' title='bbox 260 1568 303 1597; x_wconf 89' lang='grc'>80</span> <span class='ocrx_word' id='word_1_178' title='bbox 328 1565 377 1597; x_wconf 70' lang='lat' dir='ltr'>&#39;na</span> <span class='ocrx_word' id='word_1_179' title='bbox 402 1565 512 1598; x_wconf 81' lang='lat' dir='ltr'>saltem</span> <span class='ocrx_word' id='word_1_180' title='bbox 536 1564 642 1597; x_wconf 76' lang='lat' dir='ltr'>debita</span> <span class='ocrx_word' id='word_1_181' title='bbox 663 1563 795 1606; x_wconf 74' lang='lat' dir='ltr'>vindex]</span> <span class='ocrx_word' id='word_1_182' title='bbox 818 1564 922 1598; x_wconf 84' lang='lat' dir='ltr'>Quae·</span> 
     </span>
     <span class='ocr_line' id='line_1_27' title="bbox 218 1613 922 1656; baseline -0.001 -10"><span class='ocrx_word' id='word_1_183' title='bbox 218 1614 265 1646; x_wconf 86' lang='lat' dir='ltr'>rit</span> <span class='ocrx_word' id='word_1_184' title='bbox 275 1624 364 1646; x_wconf 90' lang='lat' dir='ltr'>nunc</span> <span class='ocrx_word' id='word_1_185' title='bbox 378 1614 568 1647; x_wconf 85' lang='lat' dir='ltr'>vindictam</span> <span class='ocrx_word' id='word_1_186' title='bbox 586 1614 745 1656; x_wconf 87' lang='lat' dir='ltr'>OEdipus.</span> <span class='ocrx_word' id='word_1_187' title='bbox 789 1613 922 1655; x_wconf 72' lang='lat' dir='ltr'>Debita]</span> 
     </span>
     <span class='ocr_line' id='line_1_28' title="bbox 220 1664 923 1707; baseline -0.001 -10"><span class='ocrx_word' id='word_1_188' title='bbox 220 1664 431 1707; x_wconf 83' lang='lat' dir='ltr'>Negligeute</span> <span class='ocrx_word' id='word_1_189' title='bbox 445 1665 580 1697; x_wconf 83' lang='lat' dir='ltr'>scilicet</span> <span class='ocrx_word' id='word_1_190' title='bbox 604 1664 694 1698; x_wconf 84' lang='lat' dir='ltr'>Jove</span> <span class='ocrx_word' id='word_1_191' title='bbox 709 1665 830 1707; x_wconf 87' lang='lat' dir='ltr'>punire</span> <span class='ocrx_word' id='word_1_192' title='bbox 843 1674 923 1697; x_wconf 87' lang='lat' dir='ltr'>suos</span> 
     </span>
     <span class='ocr_line' id='line_1_29' title="bbox 216 1716 356 1749; baseline -0.007 0"><span class='ocrx_word' id='word_1_193' title='bbox 216 1716 356 1749; x_wconf 80' lang='lat' dir='ltr'>liberos.</span> 
     </span>
    </p>

    <p class='ocr_par' dir='ltr' id='par_1_19' title="bbox 217 1766 923 1859">
     <span class='ocr_line' id='line_1_30' title="bbox 260 1766 922 1809; baseline 0 -10"><span class='ocrx_word' id='word_1_194' title='bbox 260 1770 302 1799; x_wconf 87' lang='lat'>81</span> <span class='ocrx_word' id='word_1_195' title='bbox 326 1767 402 1799; x_wconf 78' lang='lat' dir='ltr'>Huc</span> <span class='ocrx_word' id='word_1_196' title='bbox 415 1767 504 1808; x_wconf 80' lang='lat' dir='ltr'>ades]</span> <span class='ocrx_word' id='word_1_197' title='bbox 540 1767 593 1799; x_wconf 83' lang='lat' dir='ltr'>Ex</span> <span class='ocrx_word' id='word_1_198' title='bbox 618 1766 765 1799; x_wconf 83' lang='lat' dir='ltr'>formula</span> <span class='ocrx_word' id='word_1_199' title='bbox 778 1776 922 1809; x_wconf 87' lang='lat' dir='ltr'>precan-</span> 
     </span>
     <span class='ocr_line' id='line_1_31' title="bbox 217 1817 923 1859; baseline -0.003 -8"><span class='ocrx_word' id='word_1_200' title='bbox 217 1819 319 1859; x_wconf 85' lang='lat' dir='ltr'>tium,</span> <span class='ocrx_word' id='word_1_201' title='bbox 346 1819 443 1850; x_wconf 82' lang='lat' dir='ltr'>Deos</span> <span class='ocrx_word' id='word_1_202' title='bbox 474 1818 661 1858; x_wconf 86' lang='lat' dir='ltr'>orantinm,</span> <span class='ocrx_word' id='word_1_203' title='bbox 687 1822 727 1850; x_wconf 88' lang='lat' dir='ltr'>ut</span> <span class='ocrx_word' id='word_1_204' title='bbox 753 1817 923 1849; x_wconf 73' lang='lat' dir='ltr'>adessent.</span> 
     </span>
    </p>

    <p class='ocr_par' dir='ltr' id='par_1_20' title="bbox 198 1868 924 2658">
     <span class='ocr_line' id='line_1_32' title="bbox 198 1868 924 1914; baseline -0.003 -12"><span class='ocrx_word' id='word_1_205' title='bbox 198 1911 201 1914; x_wconf 67' lang='lat'><em>‚</em></span> <span class='ocrx_word' id='word_1_206' title='bbox 219 1869 368 1902; x_wconf 88' lang='lat' dir='ltr'>Ovidius</span> <span class='ocrx_word' id='word_1_207' title='bbox 397 1869 473 1901; x_wconf 82' lang='lat' dir='ltr'>Am.</span> <span class='ocrx_word' id='word_1_208' title='bbox 489 1878 545 1900; x_wconf 87' lang='lat'>111.</span> <span class='ocrx_word' id='word_1_209' title='bbox 564 1869 619 1900; x_wconf 87' lang='lat' dir='ltr'>El.</span> <span class='ocrx_word' id='word_1_210' title='bbox 633 1871 666 1901; x_wconf 86' lang='lat'>2.</span> <span class='ocrx_word' id='word_1_211' title='bbox 704 1868 714 1886; x_wconf 90' lang='lat'>‘</span> <span class='ocrx_word' id='word_1_212' title='bbox 726 1869 806 1900; x_wconf 79' lang='lat' dir='ltr'>Huc</span> <span class='ocrx_word' id='word_1_213' title='bbox 829 1868 924 1907; x_wconf 82' lang='lat' dir='ltr'>ades,</span> 
     </span>
     <span class='ocr_line' id='line_1_33' title="bbox 219 1918 923 1962; baseline 0 -10"><span class='ocrx_word' id='word_1_214' title='bbox 219 1925 324 1962; x_wconf 86' lang='lat' dir='ltr'>atque</span> <span class='ocrx_word' id='word_1_215' title='bbox 350 1929 447 1952; x_wconf 86' lang='lat' dir='ltr'>meus</span> <span class='ocrx_word' id='word_1_216' title='bbox 476 1919 533 1952; x_wconf 84' lang='lat' dir='ltr'>fac</span> <span class='ocrx_word' id='word_1_217' title='bbox 562 1920 639 1952; x_wconf 88' lang='lat' dir='ltr'>Dea</span> <span class='ocrx_word' id='word_1_218' title='bbox 661 1920 779 1951; x_wconf 78' lang='lat' dir='ltr'>vincat</span> <span class='ocrx_word' id='word_1_219' title='bbox 803 1918 923 1952; x_wconf 88' lang='lat' dir='ltr'>amor.&#39;</span> 
     </span>
     <span class='ocr_line' id='line_1_34' title="bbox 219 1971 923 2012; baseline 0 -9"><span class='ocrx_word' id='word_1_220' title='bbox 219 1972 312 2004; x_wconf 80' lang='lat' dir='ltr'>Totos</span> <span class='ocrx_word' id='word_1_221' title='bbox 325 1971 465 2012; x_wconf 81' lang='lat' dir='ltr'>nepotes]</span> <span class='ocrx_word' id='word_1_222' title='bbox 492 1972 585 2004; x_wconf 85' lang='lat' dir='ltr'>Bene</span> <span class='ocrx_word' id='word_1_223' title='bbox 602 1975 685 2004; x_wconf 80' lang='lat' dir='ltr'>totos</span> <span class='ocrx_word' id='word_1_224' title='bbox 704 1982 765 2004; x_wconf 80' lang='lat' dir='ltr'>sen</span> <span class='ocrx_word' id='word_1_225' title='bbox 780 1982 896 2004; x_wconf 88' lang='lat' dir='ltr'>omnes</span> <span class='ocrx_word' id='word_1_226' title='bbox 913 1983 923 2012; x_wconf 77' lang='lat'>3</span> 
     </span>
     <span class='ocr_line' id='line_1_35' title="bbox 217 2022 923 2064; baseline -0.001 -10"><span class='ocrx_word' id='word_1_227' title='bbox 217 2031 295 2054; x_wconf 89' lang='lat' dir='ltr'>nam</span> <span class='ocrx_word' id='word_1_228' title='bbox 310 2022 440 2063; x_wconf 79' lang='lat' dir='ltr'>posteri</span> <span class='ocrx_word' id='word_1_229' title='bbox 456 2022 574 2064; x_wconf 88' lang='lat' dir='ltr'>OEdipi</span> <span class='ocrx_word' id='word_1_230' title='bbox 592 2031 709 2054; x_wconf 88' lang='lat' dir='ltr'>omnes</span> <span class='ocrx_word' id='word_1_231' title='bbox 725 2032 824 2064; x_wconf 83' lang='lat' dir='ltr'>paene</span> <span class='ocrx_word' id='word_1_232' title='bbox 836 2023 923 2054; x_wconf 81' lang='lat' dir='ltr'>male</span> 
     </span>
     <span class='ocr_line' id='line_1_36' title="bbox 217 2073 921 2115; baseline 0 -11"><span class='ocrx_word' id='word_1_233' title='bbox 217 2073 412 2115; x_wconf 85' lang='lat' dir='ltr'>perierunt,</span> <span class='ocrx_word' id='word_1_234' title='bbox 435 2078 475 2105; x_wconf 88' lang='lat' dir='ltr'>nt</span> <span class='ocrx_word' id='word_1_235' title='bbox 503 2077 627 2105; x_wconf 78' lang='lat' dir='ltr'>notant</span> <span class='ocrx_word' id='word_1_236' title='bbox 647 2078 826 2106; x_wconf 81' lang='lat' dir='ltr'>auctores:</span> <span class='ocrx_word' id='word_1_237' title='bbox 852 2079 921 2105; x_wconf 81' lang='lat' dir='ltr'>tam</span> 
     </span>
     <span class='ocr_line' id='line_1_37' title="bbox 218 2121 922 2165; baseline 0 -11"><span class='ocrx_word' id='word_1_238' title='bbox 218 2121 373 2155; x_wconf 83' lang='lat' dir='ltr'>efficacia</span> <span class='ocrx_word' id='word_1_239' title='bbox 392 2122 534 2155; x_wconf 87' lang='lat' dir='ltr'>fuerunt</span> <span class='ocrx_word' id='word_1_240' title='bbox 546 2123 665 2165; x_wconf 87' lang='lat' dir='ltr'>OEdipi</span> <span class='ocrx_word' id='word_1_241' title='bbox 683 2130 774 2156; x_wconf 84' lang='lat' dir='ltr'>vota.</span> <span class='ocrx_word' id='word_1_242' title='bbox 819 2123 922 2165; x_wconf 81' lang='lat' dir='ltr'><strong>Poly-</strong></span> 
     </span>
     <span class='ocr_line' id='line_1_38' title="bbox 217 2174 922 2207; baseline 0.001 -2"><span class='ocrx_word' id='word_1_243' title='bbox 217 2174 313 2206; x_wconf 87' lang='lat' dir='ltr'>nices</span> <span class='ocrx_word' id='word_1_244' title='bbox 331 2174 420 2206; x_wconf 87' lang='lat' dir='ltr'>enim</span> <span class='ocrx_word' id='word_1_245' title='bbox 436 2179 472 2206; x_wconf 87' lang='lat' dir='ltr'>et</span> <span class='ocrx_word' id='word_1_246' title='bbox 487 2175 650 2207; x_wconf 87' lang='lat' dir='ltr'>Eteocles</span> <span class='ocrx_word' id='word_1_247' title='bbox 662 2174 788 2206; x_wconf 86' lang='lat' dir='ltr'>mutuis</span> <span class='ocrx_word' id='word_1_248' title='bbox 803 2175 922 2206; x_wconf 78' lang='lat' dir='ltr'>vulne-</span> 
     </span>
     <span class='ocr_line' id='line_1_39' title="bbox 217 2224 923 2267; baseline 0 -11"><span class='ocrx_word' id='word_1_249' title='bbox 217 2224 312 2256; x_wconf 85' lang='lat' dir='ltr'>ribus</span> <span class='ocrx_word' id='word_1_250' title='bbox 327 2234 363 2256; x_wconf 88' lang='lat' dir='ltr'>se</span> <span class='ocrx_word' id='word_1_251' title='bbox 379 2225 624 2258; x_wconf 85' lang='lat' dir='ltr'>conciderunt:</span> <span class='ocrx_word' id='word_1_252' title='bbox 644 2225 847 2266; x_wconf 80' lang='lat' dir='ltr'>Laodamas,</span> <span class='ocrx_word' id='word_1_253' title='bbox 863 2225 923 2267; x_wconf 91' lang='lat' dir='ltr'>qui</span> 
     </span>
     <span class='ocr_line' id='line_1_40' title="bbox 218 2275 923 2317; baseline -0.001 -10"><span class='ocrx_word' id='word_1_254' title='bbox 218 2279 435 2307; x_wconf 78' lang='lat' dir='ltr'>successerat</span> <span class='ocrx_word' id='word_1_255' title='bbox 450 2276 542 2316; x_wconf 85' lang='lat' dir='ltr'>patri</span> <span class='ocrx_word' id='word_1_256' title='bbox 565 2275 712 2314; x_wconf 86' lang='lat' dir='ltr'>Eteocli‚</span> <span class='ocrx_word' id='word_1_257' title='bbox 729 2285 831 2317; x_wconf 82' lang='lat' dir='ltr'>regno</span> <span class='ocrx_word' id='word_1_258' title='bbox 847 2276 923 2317; x_wconf 90' lang='lat' dir='ltr'>pnl-</span> 
     </span>
     <span class='ocr_line' id='line_1_41' title="bbox 218 2325 923 2368; baseline 0.003 -12"><span class='ocrx_word' id='word_1_259' title='bbox 218 2334 293 2358; x_wconf 82' lang='lat' dir='ltr'>sus:</span> <span class='ocrx_word' id='word_1_260' title='bbox 318 2325 533 2357; x_wconf 83' lang='lat' dir='ltr'>Thersander</span> <span class='ocrx_word' id='word_1_261' title='bbox 554 2325 644 2357; x_wconf 83' lang='lat' dir='ltr'>filius</span> <span class='ocrx_word' id='word_1_262' title='bbox 661 2325 835 2368; x_wconf 78' lang='lat' dir='ltr'>Polynicis</span> <span class='ocrx_word' id='word_1_263' title='bbox 852 2335 923 2358; x_wconf 61' lang='lat' dir='ltr'>‘oc-</span> 
     </span>
     <span class='ocr_line' id='line_1_42' title="bbox 218 2375 922 2417; baseline 0 -9"><span class='ocrx_word' id='word_1_264' title='bbox 218 2377 309 2408; x_wconf 85' lang='lat' dir='ltr'>cisus</span> <span class='ocrx_word' id='word_1_265' title='bbox 337 2375 407 2409; x_wconf 84' lang='lat' dir='ltr'>fuit</span> <span class='ocrx_word' id='word_1_266' title='bbox 435 2376 469 2408; x_wconf 90' lang='lat' dir='ltr'>in</span> <span class='ocrx_word' id='word_1_267' title='bbox 493 2375 604 2408; x_wconf 87' lang='lat' dir='ltr'>bello:</span> <span class='ocrx_word' id='word_1_268' title='bbox 628 2376 832 2408; x_wconf 83' lang='lat' dir='ltr'>Tisamenus</span> <span class='ocrx_word' id='word_1_269' title='bbox 848 2376 922 2417; x_wconf 86' lang='lat' dir='ltr'>ejus</span> 
     </span>
     <span class='ocr_line' id='line_1_43' title="bbox 219 2425 922 2467; baseline 0.001 -10"><span class='ocrx_word' id='word_1_270' title='bbox 219 2425 310 2458; x_wconf 84' lang='lat' dir='ltr'>filius</span> <span class='ocrx_word' id='word_1_271' title='bbox 326 2426 475 2458; x_wconf 87' lang='lat' dir='ltr'>dirarum</span> <span class='ocrx_word' id='word_1_272' title='bbox 492 2426 611 2466; x_wconf 86' lang='lat' dir='ltr'>OEdipi</span> <span class='ocrx_word' id='word_1_273' title='bbox 633 2435 757 2467; x_wconf 84' lang='lat' dir='ltr'>expers</span> <span class='ocrx_word' id='word_1_274' title='bbox 783 2425 864 2466; x_wconf 84' lang='lat' dir='ltr'>fuit,</span> <span class='ocrx_word' id='word_1_275' title='bbox 886 2430 922 2458; x_wconf 88' lang='lat' dir='ltr'>at</span> 
     </span>
     <span class='ocr_line' id='line_1_44' title="bbox 218 2475 920 2518; baseline 0.001 -12"><span class='ocrx_word' id='word_1_276' title='bbox 218 2483 275 2507; x_wconf 74' lang='lat' dir='ltr'>eas</span> <span class='ocrx_word' id='word_1_277' title='bbox 291 2485 356 2508; x_wconf 90' lang='lat' dir='ltr'>non</span> <span class='ocrx_word' id='word_1_278' title='bbox 371 2475 496 2518; x_wconf 80' lang='lat' dir='ltr'>effugit</span> <span class='ocrx_word' id='word_1_279' title='bbox 509 2475 678 2508; x_wconf 85' lang='lat' dir='ltr'>Autesion</span> <span class='ocrx_word' id='word_1_280' title='bbox 694 2475 795 2517; x_wconf 82' lang='lat' dir='ltr'>filins,</span> <span class='ocrx_word' id='word_1_281' title='bbox 808 2476 866 2518; x_wconf 89' lang='lat' dir='ltr'>qui</span> <span class='ocrx_word' id='word_1_282' title='bbox 877 2477 920 2508; x_wconf 88' lang='lat' dir='ltr'>ad</span> 
     </span>
     <span class='ocr_line' id='line_1_45' title="bbox 219 2525 922 2568; baseline 0.001 -12"><span class='ocrx_word' id='word_1_283' title='bbox 219 2525 401 2558; x_wconf 87' lang='lat' dir='ltr'>Dorienses</span> <span class='ocrx_word' id='word_1_284' title='bbox 427 2537 471 2558; x_wconf 83' lang='lat' dir='ltr'>ox</span> <span class='ocrx_word' id='word_1_285' title='bbox 485 2526 626 2559; x_wconf 82' lang='lat' dir='ltr'>oraculo</span> <span class='ocrx_word' id='word_1_286' title='bbox 654 2526 802 2568; x_wconf 83' lang='lat' dir='ltr'>migrare</span> <span class='ocrx_word' id='word_1_287' title='bbox 823 2535 922 2557; x_wconf 89' lang='lat' dir='ltr'>coac-</span> 
     </span>
     <span class='ocr_line' id='line_1_46' title="bbox 218 2576 920 2618; baseline 0.004 -13"><span class='ocrx_word' id='word_1_288' title='bbox 218 2579 275 2605; x_wconf 83' lang='lat' dir='ltr'>tus</span> <span class='ocrx_word' id='word_1_289' title='bbox 304 2580 356 2607; x_wconf 88' lang='lat' dir='ltr'>est</span> <span class='ocrx_word' id='word_1_290' title='bbox 381 2585 401 2607; x_wconf 88' lang='lat' dir='ltr'>e</span> <span class='ocrx_word' id='word_1_291' title='bbox 429 2577 554 2618; x_wconf 85' lang='lat' dir='ltr'>patria.</span> <span class='ocrx_word' id='word_1_292' title='bbox 599 2576 689 2609; x_wconf 81' lang='lat' dir='ltr'>vide</span> <span class='ocrx_word' id='word_1_293' title='bbox 713 2577 920 2609; x_wconf 78' lang='lat' dir='ltr'>Pausaniam</span> 
     </span>
     <span class='ocr_line' id='line_1_47' title="bbox 219 2624 399 2658; baseline 0.006 -2"><span class='ocrx_word' id='word_1_294' title='bbox 219 2624 399 2658; x_wconf 83' lang='lat' dir='ltr'>Boeoticis.</span> 
     </span>
    </p>

    <p class='ocr_par' dir='ltr' id='par_1_21' title="bbox 220 2674 921 2766">
     <span class='ocr_line' id='line_1_48' title="bbox 261 2674 921 2719; baseline 0.006 -13"><span class='ocrx_word' id='word_1_295' title='bbox 261 2677 304 2707; x_wconf 83' lang='lat'>82</span> <span class='ocrx_word' id='word_1_296' title='bbox 328 2674 443 2716; x_wconf 80' lang='lat' dir='ltr'>Indue]</span> <span class='ocrx_word' id='word_1_297' title='bbox 474 2676 677 2710; x_wconf 83' lang='lat' dir='ltr'>Lactantius</span> <span class='ocrx_word' id='word_1_298' title='bbox 715 2677 921 2719; x_wconf 80' lang='lat' dir='ltr'>interpreta-</span> 
     </span>
     <span class='ocr_line' id='line_1_49' title="bbox 220 2724 920 2766; baseline 0.004 -10"><span class='ocrx_word' id='word_1_299' title='bbox 220 2727 298 2757; x_wconf 80' lang='lat' dir='ltr'>tur:</span> <span class='ocrx_word' id='word_1_300' title='bbox 329 2724 438 2758; x_wconf 85' lang='lat' dir='ltr'>Indue</span> <span class='ocrx_word' id='word_1_301' title='bbox 464 2726 579 2758; x_wconf 77' lang='lat' dir='ltr'>liberis</span> <span class='ocrx_word' id='word_1_302' title='bbox 602 2727 688 2759; x_wconf 88' lang='lat' dir='ltr'>meis</span> <span class='ocrx_word' id='word_1_303' title='bbox 704 2727 874 2766; x_wconf 77' lang='lat' dir='ltr'>diadema,</span> <span class='ocrx_word' id='word_1_304' title='bbox 885 2725 920 2759; x_wconf 84' lang='lat' dir='ltr'>id</span> 
     </span>
    </p>
   </div>
   <div class='ocr_carea' id='block_1_14' title="bbox 975 1511 1681 2064">
    <p class='ocr_par' dir='ltr' id='par_1_22' title="bbox 975 1511 1681 2064">
     <span class='ocr_line' id='line_1_50' title="bbox 976 1511 1679 1555; baseline -0.004 -9"><span class='ocrx_word' id='word_1_305' title='bbox 976 1518 1044 1554; x_wconf 88' lang='lat' dir='ltr'>est,</span> <span class='ocrx_word' id='word_1_306' title='bbox 1070 1512 1159 1546; x_wconf 81' lang='lat' dir='ltr'>filios</span> <span class='ocrx_word' id='word_1_307' title='bbox 1178 1523 1274 1546; x_wconf 90' lang='lat' dir='ltr'>meos</span> <span class='ocrx_word' id='word_1_308' title='bbox 1291 1513 1416 1555; x_wconf 84' lang='lat' dir='ltr'>insigni</span> <span class='ocrx_word' id='word_1_309' title='bbox 1442 1512 1539 1554; x_wconf 80' lang='lat' dir='ltr'>regio</span> <span class='ocrx_word' id='word_1_310' title='bbox 1554 1511 1679 1553; x_wconf 85' lang='lat' dir='ltr'>evinci,</span> 
     </span>
     <span class='ocr_line' id='line_1_51' title="bbox 975 1563 1680 1607; baseline -0.004 -10"><span class='ocrx_word' id='word_1_311' title='bbox 975 1564 1068 1607; x_wconf 82' lang='lat' dir='ltr'>quod</span> <span class='ocrx_word' id='word_1_312' title='bbox 1084 1575 1148 1607; x_wconf 87' lang='lat' dir='ltr'>ego</span> <span class='ocrx_word' id='word_1_313' title='bbox 1170 1565 1254 1597; x_wconf 85' lang='lat' dir='ltr'>Laio</span> <span class='ocrx_word' id='word_1_314' title='bbox 1270 1564 1420 1606; x_wconf 84' lang='lat' dir='ltr'>abripui,</span> <span class='ocrx_word' id='word_1_315' title='bbox 1445 1574 1567 1597; x_wconf 88' lang='lat' dir='ltr'>cruore</span> <span class='ocrx_word' id='word_1_316' title='bbox 1589 1563 1680 1605; x_wconf 78' lang='lat' dir='ltr'>ejus-</span> 
     </span>
     <span class='ocr_line' id='line_1_52' title="bbox 976 1613 1679 1657; baseline -0.003 -10"><span class='ocrx_word' id='word_1_317' title='bbox 976 1615 1055 1647; x_wconf 90' lang='lat' dir='ltr'>dem</span> <span class='ocrx_word' id='word_1_318' title='bbox 1073 1616 1255 1657; x_wconf 84' lang='lat' dir='ltr'>pollutum.</span> <span class='ocrx_word' id='word_1_319' title='bbox 1302 1615 1401 1657; x_wconf 70' lang='lat' dir='ltr'>Tubu]</span> <span class='ocrx_word' id='word_1_320' title='bbox 1423 1615 1504 1655; x_wconf 83' lang='lat' dir='ltr'>Vel,</span> <span class='ocrx_word' id='word_1_321' title='bbox 1519 1624 1596 1647; x_wconf 86' lang='lat' dir='ltr'>cum</span> <span class='ocrx_word' id='word_1_322' title='bbox 1612 1613 1679 1646; x_wconf 86' lang='lat' dir='ltr'>sibi</span> 
     </span>
     <span class='ocr_line' id='line_1_53' title="bbox 975 1664 1672 1707; baseline -0.001 -10"><span class='ocrx_word' id='word_1_323' title='bbox 975 1666 1042 1707; x_wconf 86' lang='lat' dir='ltr'>ipsi</span> <span class='ocrx_word' id='word_1_324' title='bbox 1067 1667 1182 1698; x_wconf 85' lang='lat' dir='ltr'>oculos</span> <span class='ocrx_word' id='word_1_325' title='bbox 1220 1666 1312 1699; x_wconf 86' lang='lat' dir='ltr'>eruit</span> <span class='ocrx_word' id='word_1_326' title='bbox 1342 1665 1512 1707; x_wconf 81' lang='lat' dir='ltr'>OEdipns:</span> <span class='ocrx_word' id='word_1_327' title='bbox 1547 1665 1602 1697; x_wconf 85' lang='lat' dir='ltr'>vei</span> <span class='ocrx_word' id='word_1_328' title='bbox 1627 1664 1672 1698; x_wconf 85' lang='lat' dir='ltr'>ad</span> 
     </span>
     <span class='ocr_line' id='line_1_54' title="bbox 975 1714 1680 1758; baseline -0.003 -10"><span class='ocrx_word' id='word_1_329' title='bbox 975 1721 1127 1748; x_wconf 87' lang='lat' dir='ltr'>mentem</span> <span class='ocrx_word' id='word_1_330' title='bbox 1163 1717 1353 1758; x_wconf 87' lang='lat' dir='ltr'>Lactantii,</span> <span class='ocrx_word' id='word_1_331' title='bbox 1403 1725 1480 1749; x_wconf 87' lang='lat' dir='ltr'>cum</span> <span class='ocrx_word' id='word_1_332' title='bbox 1519 1714 1680 1747; x_wconf 83' lang='lat' dir='ltr'>diadema</span> 
     </span>
     <span class='ocr_line' id='line_1_55' title="bbox 978 1766 1680 1809; baseline -0.001 -10"><span class='ocrx_word' id='word_1_333' title='bbox 978 1767 1061 1799; x_wconf 83' lang='lat' dir='ltr'>Laio</span> <span class='ocrx_word' id='word_1_334' title='bbox 1075 1767 1238 1809; x_wconf 85' lang='lat' dir='ltr'>abripuit,</span> <span class='ocrx_word' id='word_1_335' title='bbox 1261 1767 1416 1809; x_wconf 76' lang='lat' dir='ltr'>eJusdem</span> <span class='ocrx_word' id='word_1_336' title='bbox 1433 1775 1555 1799; x_wconf 80' lang='lat' dir='ltr'>cruore</span> <span class='ocrx_word' id='word_1_337' title='bbox 1571 1766 1680 1808; x_wconf 79' lang='lat' dir='ltr'>pollu-</span> 
     </span>
     <span class='ocr_line' id='line_1_56' title="bbox 980 1822 1681 1909; baseline -0.003 -9"><span class='ocrx_word' id='word_1_338' title='bbox 980 1822 1065 1900; x_wconf 54' lang='lat' dir='ltr'><strong>Unel:</strong></span> <span class='ocrx_word' id='word_1_339' title='bbox 1088 1868 1214 1909; x_wconf 79' lang='lat' dir='ltr'>Media]</span> <span class='ocrx_word' id='word_1_340' title='bbox 1243 1868 1298 1901; x_wconf 89' lang='lat' dir='ltr'>Ad</span> <span class='ocrx_word' id='word_1_341' title='bbox 1329 1867 1536 1900; x_wconf 84' lang='lat' dir='ltr'>discordiam</span> <span class='ocrx_word' id='word_1_342' title='bbox 1564 1875 1681 1899; x_wconf 78' lang='lat' dir='ltr'>seren-</span> 
     </span>
     <span class='ocr_line' id='line_1_57' title="bbox 978 1918 1679 1960; baseline 0 -10"><span class='ocrx_word' id='word_1_343' title='bbox 978 1918 1067 1960; x_wconf 81' lang='lat' dir='ltr'>dam,</span> <span class='ocrx_word' id='word_1_344' title='bbox 1081 1925 1118 1952; x_wconf 87' lang='lat' dir='ltr'>et</span> <span class='ocrx_word' id='word_1_345' title='bbox 1143 1918 1269 1952; x_wconf 86' lang='lat' dir='ltr'>fratres</span> <span class='ocrx_word' id='word_1_346' title='bbox 1291 1920 1382 1952; x_wconf 87' lang='lat' dir='ltr'>inter</span> <span class='ocrx_word' id='word_1_347' title='bbox 1403 1927 1440 1950; x_wconf 82' lang='lat' dir='ltr'>se</span> <span class='ocrx_word' id='word_1_348' title='bbox 1463 1918 1679 1950; x_wconf 85' lang='lat' dir='ltr'>committen-</span> 
     </span>
     <span class='ocr_line' id='line_1_58' title="bbox 977 1971 1681 2064; baseline -0.003 -10"><span class='ocrx_word' id='word_1_349' title='bbox 977 1971 1061 2054; x_wconf 54' lang='grc' dir='ltr'>(1οέσὸ</span> <span class='ocrx_word' id='word_1_350' title='bbox 1088 2022 1279 2064; x_wconf 75' lang='lat' dir='ltr'>Dissiliunt]</span> <span class='ocrx_word' id='word_1_351' title='bbox 1302 2021 1422 2055; x_wconf 84' lang='lat' dir='ltr'>Codex</span> <span class='ocrx_word' id='word_1_352' title='bbox 1438 2020 1546 2062; x_wconf 85' lang='lat' dir='ltr'>Lipsii</span> <span class='ocrx_word' id='word_1_353' title='bbox 1561 2023 1681 2052; x_wconf 82' lang='lat' dir='ltr'>notan-</span> 
     </span>
    </p>
   </div>
   <div class='ocr_carea' id='block_1_15' title="bbox 977 2069 1738 2113">
    <p class='ocr_par' dir='ltr' id='par_1_23' title="bbox 977 2069 1738 2113">
     <span class='ocr_line' id='line_1_59' title="bbox 977 2069 1738 2113; baseline -0.005 -8"><span class='ocrx_word' id='word_1_354' title='bbox 977 2078 1013 2105; x_wconf 85' lang='lat' dir='ltr'>te</span> <span class='ocrx_word' id='word_1_355' title='bbox 1042 2073 1228 2105; x_wconf 85' lang='lat' dir='ltr'>Bernartio</span> <span class='ocrx_word' id='word_1_356' title='bbox 1252 2073 1355 2105; x_wconf 86' lang='lat' dir='ltr'>habet</span> <span class='ocrx_word' id='word_1_357' title='bbox 1370 2072 1557 2104; x_wconf 70' lang='lat' dir='ltr'>dissidant:</span> <span class='ocrx_word' id='word_1_358' title='bbox 1575 2069 1679 2113; x_wconf 84' lang='lat' dir='ltr'>idque</span> <span class='ocrx_word' id='word_1_359' title='bbox 1735 2071 1738 2073; x_wconf 78' lang='grc'><em>“</em></span> 
     </span>
    </p>
   </div>
   <div class='ocr_carea' id='block_1_16' title="bbox 973 2119 1681 2770">
    <p class='ocr_par' dir='ltr' id='par_1_24' title="bbox 973 2119 1681 2770">
     <span class='ocr_line' id='line_1_60' title="bbox 975 2119 1680 2165; baseline -0.006 -10"><span class='ocrx_word' id='word_1_360' title='bbox 975 2127 1106 2155; x_wconf 86' lang='lat' dir='ltr'>rectum</span> <span class='ocrx_word' id='word_1_361' title='bbox 1122 2123 1231 2156; x_wconf 86' lang='lat' dir='ltr'>videri</span> <span class='ocrx_word' id='word_1_362' title='bbox 1254 2127 1371 2165; x_wconf 85' lang='lat' dir='ltr'>potest</span> <span class='ocrx_word' id='word_1_363' title='bbox 1395 2132 1415 2154; x_wconf 88' lang='lat' dir='ltr'>a</span> <span class='ocrx_word' id='word_1_364' title='bbox 1440 2121 1551 2154; x_wconf 83' lang='lat' dir='ltr'>veteri</span> <span class='ocrx_word' id='word_1_365' title='bbox 1574 2119 1680 2152; x_wconf 81' lang='lat' dir='ltr'>verbo</span> 
     </span>
     <span class='ocr_line' id='line_1_61' title="bbox 974 2171 1681 2215; baseline -0.003 -10"><span class='ocrx_word' id='word_1_366' title='bbox 974 2174 984 2190; x_wconf 89' lang='lat'>‘</span> <span class='ocrx_word' id='word_1_367' title='bbox 1000 2173 1150 2214; x_wconf 83' lang='lat' dir='ltr'>dissicio‚</span> <span class='ocrx_word' id='word_1_368' title='bbox 1165 2173 1230 2213; x_wconf 87' lang='lat' dir='ltr'>cis,</span> <span class='ocrx_word' id='word_1_369' title='bbox 1243 2172 1317 2213; x_wconf 85' lang='lat' dir='ltr'>cit,’</span> <span class='ocrx_word' id='word_1_370' title='bbox 1341 2182 1403 2215; x_wconf 88' lang='lat' dir='ltr'>pro</span> <span class='ocrx_word' id='word_1_371' title='bbox 1426 2172 1438 2190; x_wconf 91' lang='lat'>‘</span> <span class='ocrx_word' id='word_1_372' title='bbox 1452 2171 1595 2213; x_wconf 79' lang='lat' dir='ltr'>disseca,</span> <span class='ocrx_word' id='word_1_373' title='bbox 1607 2174 1681 2212; x_wconf 83' lang='lat' dir='ltr'>ca&#39;s,</span> 
     </span>
     <span class='ocr_line' id='line_1_62' title="bbox 977 2222 1681 2263; baseline -0.006 -7"><span class='ocrx_word' id='word_1_374' title='bbox 977 2223 1056 2256; x_wconf 59' lang='lat' dir='ltr'>cat?</span> <span class='ocrx_word' id='word_1_375' title='bbox 1098 2223 1244 2255; x_wconf 85' lang='lat' dir='ltr'>Plautus</span> <span class='ocrx_word' id='word_1_376' title='bbox 1261 2222 1487 2256; x_wconf 81' lang='lat' dir='ltr'>Curculione:</span> <span class='ocrx_word' id='word_1_377' title='bbox 1511 2223 1521 2240; x_wconf 93' lang='lat'>‘</span> <span class='ocrx_word' id='word_1_378' title='bbox 1535 2222 1681 2263; x_wconf 78' lang='lat' dir='ltr'>Clypea-</span> 
     </span>
     <span class='ocr_line' id='line_1_63' title="bbox 976 2270 1681 2316; baseline -0.006 -9"><span class='ocrx_word' id='word_1_379' title='bbox 976 2279 1031 2307; x_wconf 83' lang='lat' dir='ltr'>tns</span> <span class='ocrx_word' id='word_1_380' title='bbox 1043 2275 1263 2316; x_wconf 81' lang='lat' dir='ltr'>elephantum</span> <span class='ocrx_word' id='word_1_381' title='bbox 1277 2273 1336 2306; x_wconf 88' lang='lat' dir='ltr'>ubi</span> <span class='ocrx_word' id='word_1_382' title='bbox 1346 2273 1514 2305; x_wconf 81' lang='lat' dir='ltr'>machaera</span> <span class='ocrx_word' id='word_1_383' title='bbox 1523 2270 1681 2304; x_wconf 66' lang='lat' dir='ltr'>dissicit!</span> 
     </span>
     <span class='ocr_line' id='line_1_64' title="bbox 978 2322 1678 2367; baseline -0.004 -10"><span class='ocrx_word' id='word_1_384' title='bbox 978 2326 1123 2357; x_wconf 80' lang='lat' dir='ltr'>Tartarei</span> <span class='ocrx_word' id='word_1_385' title='bbox 1150 2325 1309 2367; x_wconf 75' lang='lat' dir='ltr'>barathri]</span> <span class='ocrx_word' id='word_1_386' title='bbox 1343 2323 1563 2361; x_wconf 85' lang='lat' dir='ltr'>Barathrnm,</span> <span class='ocrx_word' id='word_1_387' title='bbox 1586 2322 1678 2365; x_wconf 80' lang='lat' dir='ltr'>apud</span> 
     </span>
     <span class='ocr_line' id='line_1_65' title="bbox 977 2374 1679 2417; baseline -0.004 -10"><span class='ocrx_word' id='word_1_388' title='bbox 977 2376 1131 2416; x_wconf 85' lang='lat' dir='ltr'>Festum,</span> <span class='ocrx_word' id='word_1_389' title='bbox 1146 2375 1263 2407; x_wconf 66' lang='lat' dir='ltr'>Graeci</span> <span class='ocrx_word' id='word_1_390' title='bbox 1274 2374 1451 2417; x_wconf 75' lang='lat' dir='ltr'>appellant</span> <span class='ocrx_word' id='word_1_391' title='bbox 1464 2374 1576 2406; x_wconf 86' lang='lat' dir='ltr'>locum</span> <span class='ocrx_word' id='word_1_392' title='bbox 1592 2381 1679 2414; x_wconf 79' lang='lat' dir='ltr'>prae-</span> 
     </span>
     <span class='ocr_line' id='line_1_66' title="bbox 977 2423 1678 2468; baseline -0.003 -10"><span class='ocrx_word' id='word_1_393' title='bbox 977 2426 1133 2468; x_wconf 89' lang='lat' dir='ltr'>cipitem‚</span> <span class='ocrx_word' id='word_1_394' title='bbox 1167 2425 1260 2458; x_wconf 90' lang='lat' dir='ltr'>unde</span> <span class='ocrx_word' id='word_1_395' title='bbox 1289 2425 1417 2467; x_wconf 78' lang='lat' dir='ltr'>emergi</span> <span class='ocrx_word' id='word_1_396' title='bbox 1451 2433 1520 2456; x_wconf 88' lang='lat' dir='ltr'>non</span> <span class='ocrx_word' id='word_1_397' title='bbox 1550 2423 1678 2465; x_wconf 82' lang='lat' dir='ltr'>possit:</span> 
     </span>
     <span class='ocr_line' id='line_1_67' title="bbox 977 2472 1679 2519; baseline -0.006 -11"><span class='ocrx_word' id='word_1_398' title='bbox 977 2476 1106 2508; x_wconf 88' lang='lat' dir='ltr'>dictum</span> <span class='ocrx_word' id='word_1_399' title='bbox 1130 2476 1174 2508; x_wconf 85' lang='lat' dir='ltr'>ab</span> <span class='ocrx_word' id='word_1_400' title='bbox 1189 2486 1231 2508; x_wconf 91' lang='lat' dir='ltr'>eo</span> <span class='ocrx_word' id='word_1_401' title='bbox 1246 2475 1339 2519; x_wconf 89' lang='lat' dir='ltr'>quod</span> <span class='ocrx_word' id='word_1_402' title='bbox 1362 2478 1415 2508; x_wconf 85' lang='lat' dir='ltr'>est</span> <span class='ocrx_word' id='word_1_403' title='bbox 1427 2472 1538 2511; x_wconf 73' lang='grc' dir='ltr'><strong><em>βαθὺς,</em></strong></span> <span class='ocrx_word' id='word_1_404' title='bbox 1560 2472 1596 2506; x_wconf 86' lang='lat' dir='ltr'>id</span> <span class='ocrx_word' id='word_1_405' title='bbox 1610 2478 1679 2514; x_wconf 84' lang='lat' dir='ltr'>est,</span> 
     </span>
     <span class='ocr_line' id='line_1_68' title="bbox 973 2522 1679 2567; baseline -0.003 -10"><span class='ocrx_word' id='word_1_406' title='bbox 973 2526 1157 2567; x_wconf 69' lang='lat' dir='ltr'>profundus.</span> <span class='ocrx_word' id='word_1_407' title='bbox 1202 2525 1424 2566; x_wconf 82' lang='lat' dir='ltr'>Barathrnm,</span> <span class='ocrx_word' id='word_1_408' title='bbox 1449 2533 1493 2556; x_wconf 85' lang='lat' dir='ltr'>ex</span> <span class='ocrx_word' id='word_1_409' title='bbox 1507 2522 1679 2556; x_wconf 84' lang='lat' dir='ltr'>Diomede</span> 
     </span>
     <span class='ocr_line' id='line_1_69' title="bbox 975 2574 1675 2618; baseline -0.001 -11"><span class='ocrx_word' id='word_1_410' title='bbox 975 2576 1077 2608; x_wconf 56' lang='lat' dir='ltr'>liba.</span> <span class='ocrx_word' id='word_1_411' title='bbox 1101 2579 1176 2608; x_wconf 88' lang='lat' dir='ltr'>erat</span> <span class='ocrx_word' id='word_1_412' title='bbox 1190 2576 1286 2607; x_wconf 87' lang='lat' dir='ltr'>locus</span> <span class='ocrx_word' id='word_1_413' title='bbox 1302 2576 1393 2618; x_wconf 87' lang='lat' dir='ltr'>apud</span> <span class='ocrx_word' id='word_1_414' title='bbox 1417 2574 1573 2608; x_wconf 84' lang='lat' dir='ltr'>Inferos:</span> <span class='ocrx_word' id='word_1_415' title='bbox 1597 2583 1675 2617; x_wconf 85' lang='lat' dir='ltr'>pro·</span> 
     </span>
     <span class='ocr_line' id='line_1_70' title="bbox 975 2627 1677 2670; baseline -0.003 -10"><span class='ocrx_word' id='word_1_416' title='bbox 975 2628 1048 2670; x_wconf 86' lang='lat' dir='ltr'>prie</span> <span class='ocrx_word' id='word_1_417' title='bbox 1061 2632 1173 2660; x_wconf 78' lang='lat' dir='ltr'>autem</span> <span class='ocrx_word' id='word_1_418' title='bbox 1184 2627 1273 2670; x_wconf 81' lang='lat' dir='ltr'>apud</span> <span class='ocrx_word' id='word_1_419' title='bbox 1288 2627 1564 2668; x_wconf 84' lang='lat' dir='ltr'>Athenienses,in</span> <span class='ocrx_word' id='word_1_420' title='bbox 1574 2631 1677 2668; x_wconf 81' lang='lat' dir='ltr'>quem</span> 
     </span>
     <span class='ocr_line' id='line_1_71' title="bbox 975 2675 1670 2721; baseline 0 -11"><span class='ocrx_word' id='word_1_421' title='bbox 975 2677 1070 2710; x_wconf 83' lang='lat' dir='ltr'>noxii</span> <span class='ocrx_word' id='word_1_422' title='bbox 1084 2678 1360 2721; x_wconf 61' lang='lat' dir='ltr'>praecipitantur.</span> <span class='ocrx_word' id='word_1_423' title='bbox 1398 2675 1558 2719; x_wconf 76' lang='lat' dir='ltr'>Tartarei]</span> <span class='ocrx_word' id='word_1_424' title='bbox 1578 2675 1670 2714; x_wconf 79' lang='lat' dir='ltr'>Vide</span> 
     </span>
     <span class='ocr_line' id='line_1_72' title="bbox 975 2730 1675 2770; baseline 0.004 -10"><span class='ocrx_word' id='word_1_425' title='bbox 975 2737 1083 2770; x_wconf 77' lang='lat' dir='ltr'>supra·</span> <span class='ocrx_word' id='word_1_426' title='bbox 1092 2738 1142 2761; x_wconf 85' lang='lat' dir='ltr'>vs.</span> <span class='ocrx_word' id='word_1_427' title='bbox 1155 2731 1207 2761; x_wconf 81' lang='lat'>66.</span> <span class='ocrx_word' id='word_1_428' title='bbox 1674 2730 1675 2733; x_wconf 75' lang='grc'>’</span> 
     </span>
    </p>
   </div>
   <div class='ocr_carea' id='block_1_17' title="bbox 1812 2765 1820 2923">
    <p class='ocr_par' dir='ltr' id='par_1_25' title="bbox 1812 2599 1820 2923">
     <span class='ocr_line' id='line_1_73' title="bbox 1812 2765 1820 2923; baseline 0 -33"><span class='ocrx_word' id='word_1_429' title='bbox 1812 2765 1820 2923; x_wconf 58' lang='lat'><em>2</em></span> 
     </span>
    </p>
   </div>
  </div>
 </body>
</html>
